<?xml version="1.0" encoding="UTF-8"?>
<!DOCTYPE html PUBLIC "-//W3C//DTD XHTML 1.0 Transitional//EN"
    "http://www.w3.org/TR/xhtml1/DTD/xhtml1-transitional.dtd">
<html xmlns="http://www.w3.org/1999/xhtml" xml:lang="en" lang="en">
 <head>
  <title>
</title>
<meta http-equiv="Content-Type" content="text/html;charset=utf-8" />
  <meta name='ocr-system' content='tesseract 3.04.00' />
  <meta name='ocr-capabilities' content='ocr_page ocr_carea ocr_par ocr_line ocrx_word'/>
</head>
<body>
  <div class='ocr_page' id='page_1' title='image "./mtulliiciceroni66cicegoog/mtulliiciceroni66cicegoog_0103.png"; bbox 0 0 2850 4952; ppageno 0'>
   <div class='ocr_carea' id='block_1_1' title="bbox 316 417 1415 2528">
    <p class='ocr_par' dir='ltr' id='par_1_1' title="bbox 317 417 1289 520">
     <span class='ocr_line' id='line_1_1' title="bbox 317 417 1289 520; baseline -0.001 -32"><span class='ocrx_word' id='word_1_1' title='bbox 317 417 370 520; x_wconf 82' lang='lat'>96</span> <span class='ocrx_word' id='word_1_2' title='bbox 655 437 825 488; x_wconf 79' lang='lat' dir='ltr'>arraroua</span> <span class='ocrx_word' id='word_1_3' title='bbox 851 437 967 488; x_wconf 75' lang='lat' dir='ltr'>curra.</span> <span class='ocrx_word' id='word_1_4' title='bbox 1088 437 1120 488; x_wconf 62' lang='lat' dir='ltr'>A„</span> <span class='ocrx_word' id='word_1_5' title='bbox 1139 441 1174 488; x_wconf 85' lang='lat' dir='ltr'>v.</span> <span class='ocrx_word' id='word_1_6' title='bbox 1193 441 1223 488; x_wconf 88' lang='lat' dir='ltr'>c.</span> <span class='ocrx_word' id='word_1_7' title='bbox 1241 442 1289 503; x_wconf 69' lang='grc' dir='ltr'>μ</span> 
     </span>
    </p>

    <p class='ocr_par' dir='ltr' id='par_1_2' title="bbox 316 539 1415 2528">
     <span class='ocr_line' id='line_1_2' title="bbox 319 539 1316 648; baseline 0 -32"><span class='ocrx_word' id='word_1_8' title='bbox 319 543 374 645; x_wconf 86' lang='lat' dir='ltr'>psi</span> <span class='ocrx_word' id='word_1_9' title='bbox 381 572 392 648; x_wconf 72' lang='lat'>3</span> <span class='ocrx_word' id='word_1_10' title='bbox 417 540 513 644; x_wconf 92' lang='lat' dir='ltr'>apud</span> <span class='ocrx_word' id='word_1_11' title='bbox 537 554 572 614; x_wconf 85' lang='lat' dir='ltr'>te</span> <span class='ocrx_word' id='word_1_12' title='bbox 597 542 715 643; x_wconf 86' lang='lat' dir='ltr'>potius</span> <span class='ocrx_word' id='word_1_13' title='bbox 739 539 861 640; x_wconf 82' lang='lat' dir='ltr'>velim,</span> <span class='ocrx_word' id='word_1_14' title='bbox 885 553 927 612; x_wconf 93' lang='lat' dir='ltr'>ut</span> <span class='ocrx_word' id='word_1_15' title='bbox 951 539 1084 640; x_wconf 88' lang='lat' dir='ltr'>possim</span> <span class='ocrx_word' id='word_1_16' title='bbox 1109 566 1176 638; x_wconf 85' lang='lat' dir='ltr'>ego</span> <span class='ocrx_word' id='word_1_17' title='bbox 1193 541 1316 616; x_wconf 86' lang='lat' dir='ltr'>adver-</span> 
     </span>
     <span class='ocr_line' id='line_1_3' title="bbox 320 665 1317 746; baseline -0.004 -2"><span class='ocrx_word' id='word_1_18' title='bbox 320 695 380 744; x_wconf 83' lang='lat' dir='ltr'>sus</span> <span class='ocrx_word' id='word_1_19' title='bbox 402 668 505 744; x_wconf 85' lang='lat' dir='ltr'>huius</span> <span class='ocrx_word' id='word_1_20' title='bbox 529 669 702 746; x_wconf 85' lang='lat' dir='ltr'>miseriam</span> <span class='ocrx_word' id='word_1_21' title='bbox 727 693 777 740; x_wconf 92' lang='lat' dir='ltr'>ea.</span> <span class='ocrx_word' id='word_1_22' title='bbox 793 665 957 740; x_wconf 73' lang='lat' dir='ltr'><strong>facultate</strong></span> <span class='ocrx_word' id='word_1_23' title='bbox 986 665 1167 740; x_wconf 84' lang='lat' dir='ltr'>confectus</span> <span class='ocrx_word' id='word_1_24' title='bbox 1193 665 1317 741; x_wconf 83' lang='lat' dir='ltr'>coralli·</span> 
     </span>
     <span class='ocr_line' id='line_1_4' title="bbox 320 791 1317 896; baseline -0.007 -24"><span class='ocrx_word' id='word_1_25' title='bbox 320 795 407 872; x_wconf 83' lang='lat' dir='ltr'>ctari</span> <span class='ocrx_word' id='word_1_26' title='bbox 425 814 449 868; x_wconf 83' lang='lat'>⁷.</span> <span class='ocrx_word' id='word_1_27' title='bbox 477 792 574 868; x_wconf 89' lang='lat' dir='ltr'>Nihil</span> <span class='ocrx_word' id='word_1_28' title='bbox 598 818 765 896; x_wconf 89' lang='lat' dir='ltr'>umquam</span> <span class='ocrx_word' id='word_1_29' title='bbox 789 791 902 866; x_wconf 89' lang='lat' dir='ltr'>simile</span> <span class='ocrx_word' id='word_1_30' title='bbox 926 802 1048 865; x_wconf 87' lang='lat' dir='ltr'>uatum</span> <span class='ocrx_word' id='word_1_31' title='bbox 1073 805 1177 894; x_wconf 89' lang='lat' dir='ltr'>puto:</span> <span class='ocrx_word' id='word_1_32' title='bbox 1204 794 1260 866; x_wconf 91' lang='lat' dir='ltr'>cui</span> <span class='ocrx_word' id='word_1_33' title='bbox 1285 793 1317 870; x_wconf 83' lang='lat' dir='ltr'>si</span> 
     </span>
     <span class='ocr_line' id='line_1_5' title="bbox 318 917 1318 1023; baseline -0.001 -29"><span class='ocrx_word' id='word_1_34' title='bbox 318 947 389 1023; x_wconf 89' lang='lat' dir='ltr'>qua</span> <span class='ocrx_word' id='word_1_35' title='bbox 413 947 451 994; x_wconf 89' lang='lat' dir='ltr'>re</span> <span class='ocrx_word' id='word_1_36' title='bbox 477 918 657 994; x_wconf 84' lang='lat' dir='ltr'>consulere</span> <span class='ocrx_word' id='word_1_37' title='bbox 681 917 814 1020; x_wconf 82' lang='lat' dir='ltr'>aliquid</span> <span class='ocrx_word' id='word_1_38' title='bbox 838 943 1000 1018; x_wconf 83' lang='lat' dir='ltr'>possum,</span> <span class='ocrx_word' id='word_1_39' title='bbox 1016 920 1122 1018; x_wconf 89' lang='lat' dir='ltr'>cupio</span> <span class='ocrx_word' id='word_1_40' title='bbox 1145 943 1166 992; x_wconf 87' lang='lat' dir='ltr'>u</span> <span class='ocrx_word' id='word_1_41' title='bbox 1192 932 1229 991; x_wconf 87' lang='lat' dir='ltr'>te</span> <span class='ocrx_word' id='word_1_42' title='bbox 1253 918 1318 994; x_wconf 82' lang='lat' dir='ltr'>ud·</span> 
     </span>
     <span class='ocr_line' id='line_1_6' title="bbox 318 1043 1314 1147; baseline -0.004 -26"><span class='ocrx_word' id='word_1_43' title='bbox 318 1048 462 1121; x_wconf 91' lang='lat' dir='ltr'>moneri.</span> <span class='ocrx_word' id='word_1_44' title='bbox 486 1045 602 1120; x_wconf 85' lang='lat' dir='ltr'>Video</span> <span class='ocrx_word' id='word_1_45' title='bbox 628 1045 789 1119; x_wconf 86' lang='lat' dir='ltr'>eamdem</span> <span class='ocrx_word' id='word_1_46' title='bbox 813 1070 888 1118; x_wconf 84' lang='lat' dir='ltr'>csse</span> <span class='ocrx_word' id='word_1_47' title='bbox 913 1043 1176 1143; x_wconf 86' lang='lat' dir='ltr'>difficultatem,</span> <span class='ocrx_word' id='word_1_48' title='bbox 1208 1069 1314 1147; x_wconf 90' lang='lat' dir='ltr'>quam</span> 
     </span>
     <span class='ocr_line' id='line_1_7' title="bbox 316 1170 1317 1270; baseline -0.001 -24"><span class='ocrx_word' id='word_1_49' title='bbox 316 1173 355 1246; x_wconf 91' lang='lat' dir='ltr'>in</span> <span class='ocrx_word' id='word_1_50' title='bbox 380 1172 527 1247; x_wconf 88' lang='lat' dir='ltr'>consilio</span> <span class='ocrx_word' id='word_1_51' title='bbox 554 1170 674 1244; x_wconf 85' lang='lat' dir='ltr'>dando</span> <span class='ocrx_word' id='word_1_52' title='bbox 706 1185 787 1244; x_wconf 87' lang='lat' dir='ltr'>aute</span> <span class='ocrx_word' id='word_1_53' title='bbox 804 1172 837 1245; x_wconf 77' lang='lat'>⁸:</span> <span class='ocrx_word' id='word_1_54' title='bbox 870 1185 987 1244; x_wconf 81' lang='lat' dir='ltr'>tamen</span> <span class='ocrx_word' id='word_1_55' title='bbox 1019 1170 1088 1244; x_wconf 93' lang='lat' dir='ltr'>hoc</span> <span class='ocrx_word' id='word_1_56' title='bbox 1120 1196 1177 1243; x_wconf 90' lang='lat' dir='ltr'>me</span> <span class='ocrx_word' id='word_1_57' title='bbox 1205 1171 1317 1270; x_wconf 84' lang='lat' dir='ltr'>magis</span> 
     </span>
     <span class='ocr_line' id='line_1_8' title="bbox 318 1281 1318 1402; baseline -0.003 -30"><span class='ocrx_word' id='word_1_58' title='bbox 318 1281 483 1398; x_wconf 75' lang='lat' dir='ltr'>solicitat,</span> <span class='ocrx_word' id='word_1_59' title='bbox 508 1324 613 1402; x_wconf 84' lang='lat' dir='ltr'>quam</span> <span class='ocrx_word' id='word_1_60' title='bbox 631 1298 758 1371; x_wconf 88' lang='lat' dir='ltr'>omnia.</span> <span class='ocrx_word' id='word_1_61' title='bbox 774 1297 817 1370; x_wconf 92' lang='lat' dir='ltr'>Iu</span> <span class='ocrx_word' id='word_1_62' title='bbox 833 1292 1002 1398; x_wconf 78' lang='lat' dir='ltr'>pensione</span> <span class='ocrx_word' id='word_1_63' title='bbox 1018 1293 1200 1370; x_wconf 81' lang='lat' dir='ltr'>secundas</span> <span class='ocrx_word' id='word_1_64' title='bbox 1218 1297 1318 1372; x_wconf 86' lang='lat' dir='ltr'>caeci</span> 
     </span>
     <span class='ocr_line' id='line_1_9' title="bbox 318 1423 1320 1526; baseline 0 -28"><span class='ocrx_word' id='word_1_65' title='bbox 318 1424 454 1498; x_wconf 77' lang='lat' dir='ltr'>liumus.</span> <span class='ocrx_word' id='word_1_66' title='bbox 480 1423 587 1512; x_wconf 82' lang='lat' dir='ltr'>Aliud</span> <span class='ocrx_word' id='word_1_67' title='bbox 606 1440 635 1474; x_wconf 85' lang='lat'>¹⁰</span> <span class='ocrx_word' id='word_1_68' title='bbox 648 1423 818 1501; x_wconf 82' lang='lat' dir='ltr'>mallem:</span> <span class='ocrx_word' id='word_1_69' title='bbox 848 1423 912 1514; x_wconf 84' lang='lat' dir='ltr'>sed</span> <span class='ocrx_word' id='word_1_70' title='bbox 939 1423 1124 1524; x_wconf 83' lang='lat' dir='ltr'>praeteriit</span> <span class='ocrx_word' id='word_1_71' title='bbox 1149 1423 1203 1496; x_wconf 88' lang='lat' dir='ltr'>&#39;l&#39;e</span> <span class='ocrx_word' id='word_1_72' title='bbox 1229 1448 1296 1498; x_wconf 92' lang='lat' dir='ltr'>oro</span> <span class='ocrx_word' id='word_1_73' title='bbox 1308 1480 1320 1526; x_wconf 91' lang='lat'>,</span> 
     </span>
     <span class='ocr_line' id='line_1_10' title="bbox 317 1546 1318 1652; baseline 0.001 -31"><span class='ocrx_word' id='word_1_74' title='bbox 317 1564 360 1623; x_wconf 93' lang='lat' dir='ltr'>ut</span> <span class='ocrx_word' id='word_1_75' title='bbox 382 1551 420 1622; x_wconf 88' lang='lat' dir='ltr'>iu</span> <span class='ocrx_word' id='word_1_76' title='bbox 445 1549 592 1650; x_wconf 91' lang='lat' dir='ltr'>perditis</span> <span class='ocrx_word' id='word_1_77' title='bbox 619 1546 744 1649; x_wconf 86' lang='lat' dir='ltr'>rebus,</span> <span class='ocrx_word' id='word_1_78' title='bbox 776 1552 804 1623; x_wconf 89' lang='lat' dir='ltr'>si</span> <span class='ocrx_word' id='word_1_79' title='bbox 829 1547 914 1652; x_wconf 91' lang='lat' dir='ltr'>quid</span> <span class='ocrx_word' id='word_1_80' title='bbox 938 1550 1039 1648; x_wconf 82' lang='lat' dir='ltr'>cogi,</span> <span class='ocrx_word' id='word_1_81' title='bbox 1070 1549 1267 1652; x_wconf 82' lang='lat' dir='ltr'>conficique</span> <span class='ocrx_word' id='word_1_82' title='bbox 1287 1564 1318 1602; x_wconf 81' lang='lat'>²²</span> 
     </span>
     <span class='ocr_line' id='line_1_11' title="bbox 318 1674 1320 1776; baseline 0.003 -29"><span class='ocrx_word' id='word_1_83' title='bbox 318 1687 455 1774; x_wconf 82' lang='lat' dir='ltr'>potest,</span> <span class='ocrx_word' id='word_1_84' title='bbox 480 1674 577 1775; x_wconf 87' lang='lat' dir='ltr'>quod</span> <span class='ocrx_word' id='word_1_85' title='bbox 601 1676 646 1748; x_wconf 79' lang='lat' dir='ltr'>sit</span> <span class='ocrx_word' id='word_1_86' title='bbox 670 1676 707 1747; x_wconf 84' lang='lat' dir='ltr'>in</span> <span class='ocrx_word' id='word_1_87' title='bbox 732 1689 827 1774; x_wconf 82' lang='lat' dir='ltr'>tuto,</span> <span class='ocrx_word' id='word_1_88' title='bbox 852 1699 895 1748; x_wconf 84' lang='lat' dir='ltr'>ex</span> <span class='ocrx_word' id='word_1_89' title='bbox 919 1689 1078 1773; x_wconf 76' lang='lat' dir='ltr'>argento,</span> <span class='ocrx_word' id='word_1_90' title='bbox 1093 1696 1209 1776; x_wconf 80' lang='lat' dir='ltr'>neque</span> <span class='ocrx_word' id='word_1_91' title='bbox 1232 1677 1320 1750; x_wconf 76' lang='lat' dir='ltr'>satis</span> 
     </span>
     <span class='ocr_line' id='line_1_12' title="bbox 318 1799 1320 1902; baseline 0.003 -30"><span class='ocrx_word' id='word_1_92' title='bbox 318 1799 430 1874; x_wconf 87' lang='lat' dir='ltr'>multa</span> <span class='ocrx_word' id='word_1_93' title='bbox 449 1815 478 1852; x_wconf 88' lang='lat'>¹²</span> <span class='ocrx_word' id='word_1_94' title='bbox 504 1825 546 1873; x_wconf 87' lang='lat' dir='ltr'>ex</span> <span class='ocrx_word' id='word_1_95' title='bbox 578 1801 809 1902; x_wconf 82' lang='lat' dir='ltr'>supellectile,</span> <span class='ocrx_word' id='word_1_96' title='bbox 841 1799 903 1876; x_wconf 85' lang='lat' dir='ltr'>dea</span> <span class='ocrx_word' id='word_1_97' title='bbox 936 1825 1089 1901; x_wconf 82' lang='lat' dir='ltr'>operam.</span> <span class='ocrx_word' id='word_1_98' title='bbox 1120 1802 1195 1874; x_wconf 90' lang='lat' dir='ltr'>Iam</span> <span class='ocrx_word' id='word_1_99' title='bbox 1221 1802 1320 1875; x_wconf 88' lang='lat' dir='ltr'>enim</span> 
     </span>
     <span class='ocr_line' id='line_1_13' title="bbox 317 1925 1415 2027; baseline -0.005 -26"><span class='ocrx_word' id='word_1_100' title='bbox 317 1925 404 2001; x_wconf 83' lang='lat' dir='ltr'>milri</span> <span class='ocrx_word' id='word_1_101' title='bbox 430 1927 567 2004; x_wconf 86' lang='lat' dir='ltr'>videtur</span> <span class='ocrx_word' id='word_1_102' title='bbox 593 1926 713 2002; x_wconf 89' lang='lat' dir='ltr'>adesse</span> <span class='ocrx_word' id='word_1_103' title='bbox 738 1943 949 2027; x_wconf 88' lang='lat' dir='ltr'>extremum,</span> <span class='ocrx_word' id='word_1_104' title='bbox 963 1953 1030 2002; x_wconf 90' lang='lat' dir='ltr'>nec</span> <span class='ocrx_word' id='word_1_105' title='bbox 1049 1925 1120 2002; x_wconf 91' lang='lat' dir='ltr'>ulla</span> <span class='ocrx_word' id='word_1_106' title='bbox 1139 1926 1214 2001; x_wconf 87' lang='lat' dir='ltr'>lore</span> <span class='ocrx_word' id='word_1_107' title='bbox 1232 1953 1320 2002; x_wconf 90' lang='lat' dir='ltr'>con·</span> <span class='ocrx_word' id='word_1_108' title='bbox 1411 1977 1415 1996; x_wconf 90' lang='lat'><em>.</em></span> 
     </span>
     <span class='ocr_line' id='line_1_14' title="bbox 319 2047 1321 2160; baseline 0.001 -33"><span class='ocrx_word' id='word_1_109' title='bbox 319 2053 407 2127; x_wconf 89' lang='lat' dir='ltr'>ditio</span> <span class='ocrx_word' id='word_1_110' title='bbox 432 2055 530 2155; x_wconf 88' lang='lat' dir='ltr'>pacis</span> <span class='ocrx_word' id='word_1_111' title='bbox 555 2057 595 2154; x_wconf 85' lang='lat'>¹³,</span> <span class='ocrx_word' id='word_1_112' title='bbox 619 2047 746 2160; x_wconf 81' lang='lat' dir='ltr'>eaque,</span> <span class='ocrx_word' id='word_1_113' title='bbox 762 2081 867 2156; x_wconf 73' lang='lat' dir='ltr'>·quae</span> <span class='ocrx_word' id='word_1_114' title='bbox 892 2069 991 2154; x_wconf 81' lang='lat' dir='ltr'>aaut,</span> <span class='ocrx_word' id='word_1_115' title='bbox 1021 2054 1128 2127; x_wconf 86' lang='lat' dir='ltr'>etiam</span> <span class='ocrx_word' id='word_1_116' title='bbox 1152 2053 1229 2126; x_wconf 87' lang='lat' dir='ltr'>sinc</span> <span class='ocrx_word' id='word_1_117' title='bbox 1253 2053 1321 2128; x_wconf 86' lang='lat' dir='ltr'>ad·</span> 
     </span>
     <span class='ocr_line' id='line_1_15' title="bbox 317 2179 1321 2280; baseline 0.001 -26"><span class='ocrx_word' id='word_1_118' title='bbox 317 2181 471 2254; x_wconf 81' lang='lat' dir='ltr'>versario</span> <span class='ocrx_word' id='word_1_119' title='bbox 495 2181 657 2280; x_wconf 87' lang='lat' dir='ltr'>peritura.</span> <span class='ocrx_word' id='word_1_120' title='bbox 683 2181 781 2256; x_wconf 89' lang='lat' dir='ltr'>Haec</span> <span class='ocrx_word' id='word_1_121' title='bbox 806 2182 932 2280; x_wconf 89' lang='lat' dir='ltr'>ctiam,</span> <span class='ocrx_word' id='word_1_122' title='bbox 956 2182 985 2254; x_wconf 92' lang='lat' dir='ltr'>si</span> <span class='ocrx_word' id='word_1_123' title='bbox 1010 2179 1209 2278; x_wconf 80' lang='lat' dir='ltr'>videbitur,</span> <span class='ocrx_word' id='word_1_124' title='bbox 1234 2207 1321 2256; x_wconf 90' lang='lat' dir='ltr'>cum</span> 
     </span>
     <span class='ocr_line' id='line_1_16' title="bbox 317 2303 1319 2410; baseline 0.007 -33"><span class='ocrx_word' id='word_1_125' title='bbox 317 2303 481 2379; x_wconf 88' lang='lat' dir='ltr'>Terentia</span> <span class='ocrx_word' id='word_1_126' title='bbox 505 2306 649 2410; x_wconf 83' lang='lat' dir='ltr'>loquare</span> <span class='ocrx_word' id='word_1_127' title='bbox 668 2307 698 2376; x_wconf 61' lang='lat' dir='ltr'>rt</span> <span class='ocrx_word' id='word_1_128' title='bbox 722 2322 931 2409; x_wconf 72' lang='lat' dir='ltr'>opportune</span> <span class='ocrx_word' id='word_1_129' title='bbox 963 2307 1045 2385; x_wconf 84' lang='lat' dir='ltr'>Nou</span> <span class='ocrx_word' id='word_1_130' title='bbox 1077 2331 1171 2410; x_wconf 85' lang='lat' dir='ltr'>queo</span> <span class='ocrx_word' id='word_1_131' title='bbox 1194 2309 1319 2384; x_wconf 79' lang='lat' dir='ltr'>omniu</span> 
     </span>
     <span class='ocr_line' id='line_1_17' title="bbox 317 2428 942 2528; baseline 0.005 -23"><span class='ocrx_word' id='word_1_132' title='bbox 317 2428 477 2506; x_wconf 85' lang='lat' dir='ltr'>scribere.</span> <span class='ocrx_word' id='word_1_133' title='bbox 502 2431 600 2507; x_wconf 83' lang='lat' dir='ltr'>Vale.</span> <span class='ocrx_word' id='word_1_134' title='bbox 626 2434 679 2508; x_wconf 88' lang='lat'>111</span> <span class='ocrx_word' id='word_1_135' title='bbox 705 2433 795 2508; x_wconf 88' lang='lat' dir='ltr'>Nou.</span> <span class='ocrx_word' id='word_1_136' title='bbox 821 2433 942 2528; x_wconf 87' lang='lat' dir='ltr'>Quint</span> 
     </span>
    </p>
   </div>
   <div class='ocr_carea' id='block_1_2' title="bbox 726 2685 1292 2786">
    <p class='ocr_par' dir='ltr' id='par_1_3' title="bbox 726 2685 1292 2786">
     <span class='ocr_line' id='line_1_18' title="bbox 726 2685 1292 2786; baseline 0.023 -24"><span class='ocrx_word' id='word_1_137' title='bbox 726 2685 907 2762; x_wconf 84' lang='lat' dir='ltr'>CDXVll·</span> <span class='ocrx_word' id='word_1_138' title='bbox 1042 2727 1096 2785; x_wconf 79' lang='lat' dir='ltr'>(aa</span> <span class='ocrx_word' id='word_1_139' title='bbox 1113 2728 1163 2773; x_wconf 77' lang='grc' dir='ltr'>Αιι.</span> <span class='ocrx_word' id='word_1_140' title='bbox 1178 2727 1229 2786; x_wconf 79' lang='lat' dir='ltr'>xi,</span> <span class='ocrx_word' id='word_1_141' title='bbox 1245 2731 1292 2784; x_wconf 65' lang='lat' dir='ltr'>aa)</span> 
     </span>
    </p>
   </div>
   <div class='ocr_carea' id='block_1_3' title="bbox 317 2857 1322 3043">
    <p class='ocr_par' dir='ltr' id='par_1_4' title="bbox 317 2857 1322 3043">
     <span class='ocr_line' id='line_1_19' title="bbox 317 2857 1322 2948; baseline 0.01 -30"><span class='ocrx_word' id='word_1_142' title='bbox 317 2857 536 2936; x_wconf 69' lang='lat' dir='ltr'>Argumentum</span> <span class='ocrx_word' id='word_1_143' title='bbox 561 2882 571 2922; x_wconf 89' lang='lat'>1</span> <span class='ocrx_word' id='word_1_144' title='bbox 595 2863 643 2923; x_wconf 89' lang='lat' dir='ltr'>De</span> <span class='ocrx_word' id='word_1_145' title='bbox 662 2863 797 2924; x_wconf 83' lang='lat' dir='ltr'>Caesaris</span> <span class='ocrx_word' id='word_1_146' title='bbox 817 2863 910 2924; x_wconf 80' lang='lat' dir='ltr'>literis</span> <span class='ocrx_word' id='word_1_147' title='bbox 923 2863 961 2924; x_wconf 89' lang='lat' dir='ltr'>ad</span> <span class='ocrx_word' id='word_1_148' title='bbox 975 2865 1075 2945; x_wconf 81' lang='lat' dir='ltr'>ipsum</span> <span class='ocrx_word' id='word_1_149' title='bbox 1089 2866 1225 2946; x_wconf 80' lang='lat' dir='ltr'>scriptis,</span> <span class='ocrx_word' id='word_1_150' title='bbox 1240 2885 1322 2948; x_wconf 82' lang='lat' dir='ltr'>quas</span> 
     </span>
     <span class='ocr_line' id='line_1_20' title="bbox 355 2963 1262 3043; baseline 0.009 -17"><span class='ocrx_word' id='word_1_151' title='bbox 355 2963 536 3028; x_wconf 73' lang='lat' dir='ltr'>Philotimus</span> <span class='ocrx_word' id='word_1_152' title='bbox 556 2965 668 3029; x_wconf 81' lang='lat' dir='ltr'>habere</span> <span class='ocrx_word' id='word_1_153' title='bbox 688 2967 860 3043; x_wconf 69' lang='lat' dir='ltr'>ferebatur,</span> <span class='ocrx_word' id='word_1_154' title='bbox 881 2983 899 3030; x_wconf 77' lang='lat' dir='ltr'>a</span> <span class='ocrx_word' id='word_1_155' title='bbox 919 2969 957 3032; x_wconf 85' lang='lat' dir='ltr'>dc</span> <span class='ocrx_word' id='word_1_156' title='bbox 977 2970 1096 3034; x_wconf 78' lang='lat' dir='ltr'>Tulliae</span> <span class='ocrx_word' id='word_1_157' title='bbox 1116 2969 1262 3034; x_wconf 74' lang='lat' dir='ltr'>divortio.</span> 
     </span>
    </p>
   </div>
   <div class='ocr_carea' id='block_1_4' title="bbox 420 3167 1175 3246">
    <p class='ocr_par' dir='ltr' id='par_1_5' title="bbox 420 3167 1175 3246">
     <span class='ocr_line' id='line_1_21' title="bbox 420 3167 1175 3246; baseline 0.008 -22"><span class='ocrx_word' id='word_1_158' title='bbox 420 3167 422 3172; x_wconf 77' lang='grc'><strong>’</strong></span> <span class='ocrx_word' id='word_1_159' title='bbox 449 3171 504 3226; x_wconf 82' lang='lat' dir='ltr'>Sor.</span> <span class='ocrx_word' id='word_1_160' title='bbox 521 3169 649 3226; x_wconf 78' lang='lat' dir='ltr'>Bruuffiaii</span> <span class='ocrx_word' id='word_1_161' title='bbox 666 3175 697 3226; x_wconf 79' lang='lat' dir='ltr'>u.</span> <span class='ocrx_word' id='word_1_162' title='bbox 716 3172 749 3227; x_wconf 86' lang='lat' dir='ltr'>V.</span> <span class='ocrx_word' id='word_1_163' title='bbox 766 3174 795 3228; x_wconf 76' lang='lat' dir='ltr'>G</span> <span class='ocrx_word' id='word_1_164' title='bbox 813 3173 936 3243; x_wconf 79' lang='lat' dir='ltr'>uccvl,</span> <span class='ocrx_word' id='word_1_165' title='bbox 955 3173 1006 3228; x_wconf 88' lang='lat' dir='ltr'>Vll</span> <span class='ocrx_word' id='word_1_166' title='bbox 1026 3174 1066 3230; x_wconf 88' lang='lat' dir='ltr'>ld.</span> <span class='ocrx_word' id='word_1_167' title='bbox 1083 3175 1175 3246; x_wconf 82' lang='lat' dir='ltr'>Quint.</span> 
     </span>
    </p>
   </div>
   <div class='ocr_carea' id='block_1_5' title="bbox 546 3363 1001 3430">
    <p class='ocr_par' dir='ltr' id='par_1_6' title="bbox 546 3363 1001 3430">
     <span class='ocr_line' id='line_1_22' title="bbox 546 3363 1001 3430; baseline -0.002 -3"><span class='ocrx_word' id='word_1_168' title='bbox 546 3371 561 3386; x_wconf 86' lang='lat'>&#39;</span> <span class='ocrx_word' id='word_1_169' title='bbox 627 3363 771 3430; x_wconf 85' lang='lat' dir='ltr'>CICERO</span> <span class='ocrx_word' id='word_1_170' title='bbox 796 3363 944 3430; x_wconf 74' lang='lat' dir='ltr'>Attico</span> <span class='ocrx_word' id='word_1_171' title='bbox 971 3363 1001 3428; x_wconf 91' lang='lat' dir='ltr'>S.</span> 
     </span>
    </p>
   </div>
   <div class='ocr_carea' id='block_1_6' title="bbox 314 3549 1325 4034">
    <p class='ocr_par' dir='ltr' id='par_1_7' title="bbox 314 3549 1325 4034">
     <span class='ocr_line' id='line_1_23' title="bbox 369 3549 1320 3655; baseline 0.011 -33"><span class='ocrx_word' id='word_1_172' title='bbox 369 3579 381 3623; x_wconf 90' lang='lat'>1</span> <span class='ocrx_word' id='word_1_173' title='bbox 412 3549 520 3643; x_wconf 77' lang='lat' dir='ltr'>Quod</span> <span class='ocrx_word' id='word_1_174' title='bbox 543 3551 589 3624; x_wconf 87' lang='lat' dir='ltr'>ad</span> <span class='ocrx_word' id='word_1_175' title='bbox 607 3565 640 3625; x_wconf 90' lang='lat' dir='ltr'>te</span> <span class='ocrx_word' id='word_1_176' title='bbox 657 3553 878 3655; x_wconf 84' lang='lat' dir='ltr'>scripseram,</span> <span class='ocrx_word' id='word_1_177' title='bbox 893 3567 935 3628; x_wconf 95' lang='lat' dir='ltr'>ut</span> <span class='ocrx_word' id='word_1_178' title='bbox 950 3577 1031 3626; x_wconf 90' lang='lat' dir='ltr'>cum</span> <span class='ocrx_word' id='word_1_179' title='bbox 1047 3551 1195 3629; x_wconf 88' lang='lat' dir='ltr'>Camillo</span> <span class='ocrx_word' id='word_1_180' title='bbox 1215 3579 1320 3631; x_wconf 90' lang='lat' dir='ltr'>com·</span> 
     </span>
     <span class='ocr_line' id='line_1_24' title="bbox 314 3676 1323 3782; baseline 0.01 -34"><span class='ocrx_word' id='word_1_181' title='bbox 314 3679 551 3777; x_wconf 76' lang='lat' dir='ltr'>municarcs1,</span> <span class='ocrx_word' id='word_1_182' title='bbox 576 3677 619 3752; x_wconf 93' lang='lat' dir='ltr'>de</span> <span class='ocrx_word' id='word_1_183' title='bbox 644 3705 687 3753; x_wconf 91' lang='lat' dir='ltr'>eo</span> <span class='ocrx_word' id='word_1_184' title='bbox 712 3679 877 3754; x_wconf 82' lang='lat' dir='ltr'>Camillus</span> <span class='ocrx_word' id='word_1_185' title='bbox 901 3677 987 3753; x_wconf 90' lang='lat' dir='ltr'>mihi</span> <span class='ocrx_word' id='word_1_186' title='bbox 1012 3676 1169 3782; x_wconf 79' lang='lat' dir='ltr'>scripsit,</span> <span class='ocrx_word' id='word_1_187' title='bbox 1194 3692 1232 3754; x_wconf 89' lang='lat' dir='ltr'>te</span> <span class='ocrx_word' id='word_1_188' title='bbox 1259 3709 1323 3758; x_wconf 84' lang='lat' dir='ltr'>se·</span> 
     </span>
     <span class='ocr_line' id='line_1_25' title="bbox 316 3804 1325 3907; baseline 0.011 -35"><span class='ocrx_word' id='word_1_189' title='bbox 316 3820 423 3874; x_wconf 88' lang='lat' dir='ltr'>cum²</span> <span class='ocrx_word' id='word_1_190' title='bbox 448 3804 612 3880; x_wconf 86' lang='lat' dir='ltr'>locutum.</span> <span class='ocrx_word' id='word_1_191' title='bbox 638 3805 732 3878; x_wconf 85' lang='lat' dir='ltr'>Tuas</span> <span class='ocrx_word' id='word_1_192' title='bbox 757 3805 873 3880; x_wconf 84' lang='lat' dir='ltr'>literas</span> <span class='ocrx_word' id='word_1_193' title='bbox 898 3805 1153 3907; x_wconf 82' lang='lat' dir='ltr'>exspectabam.</span> <span class='ocrx_word' id='word_1_194' title='bbox 1172 3807 1254 3880; x_wconf 74' lang='lat' dir='ltr'>Nisi</span> <span class='ocrx_word' id='word_1_195' title='bbox 1279 3809 1325 3883; x_wconf 91' lang='lat' dir='ltr'>il-</span> 
     </span>
     <span class='ocr_line' id='line_1_26' title="bbox 316 3924 1325 4034; baseline 0.018 -39"><span class='ocrx_word' id='word_1_196' title='bbox 316 3924 377 3998; x_wconf 89' lang='lat' dir='ltr'>lud</span> <span class='ocrx_word' id='word_1_197' title='bbox 402 3931 542 4028; x_wconf 86' lang='lat' dir='ltr'>quidem</span> <span class='ocrx_word' id='word_1_198' title='bbox 568 3932 711 4031; x_wconf 87' lang='lat' dir='ltr'>mutari,</span> <span class='ocrx_word' id='word_1_199' title='bbox 736 3933 764 4005; x_wconf 94' lang='lat' dir='ltr'>si</span> <span class='ocrx_word' id='word_1_200' title='bbox 790 3931 889 4006; x_wconf 86' lang='lat' dir='ltr'>aliter</span> <span class='ocrx_word' id='word_1_201' title='bbox 913 3946 986 4032; x_wconf 90' lang='lat' dir='ltr'>est,</span> <span class='ocrx_word' id='word_1_202' title='bbox 1004 3945 1039 4006; x_wconf 90' lang='lat' dir='ltr'>et</span> <span class='ocrx_word' id='word_1_203' title='bbox 1064 3945 1223 4034; x_wconf 82' lang='lat' dir='ltr'>oportet,</span> <span class='ocrx_word' id='word_1_204' title='bbox 1239 3959 1325 4012; x_wconf 86' lang='lat' dir='ltr'>nou</span> 
     </span>
    </p>
   </div>
   <div class='ocr_carea' id='block_1_7' title="bbox 0 0 1431 4952">
    <p class='ocr_par' dir='ltr' id='par_1_8' title="bbox 0 0 1431 4952">
     <span class='ocr_line' id='line_1_27' title="bbox 0 0 1431 4952; baseline 0 0"><span class='ocrx_word' id='word_1_205' title='bbox 0 0 1431 4952; x_wconf 95' lang='lat' dir='ltr'> </span> 
     </span>
    </p>
   </div>
  </div>
 </body>
</html>
