2932 4954
521 435 567 484 ιιιΙ
584 397 773 484 ueteranus
1073 408 1142 486 521

575 641 721 704 CDLXV.

149 881 159 920 ι
185 861 292 942 Tristi,
306 856 493 939 calamitoso,
506 875 577 918 nam
591 855 745 918 exsulabat
758 855 904 936 Ligarius,
915 855 999 936 quod
1008 857 1038 915 in
1048 853 1147 916 Aliica

183 967 372 1046 Pompeianis
391 967 421 1025 in
443 963 577 1046 partibus
598 963 708 1024 luisset.
729 962 814 1028 Vide,
828 963 913 1024 Orat.
940 983 995 1045 pro
1016 963 1144 1045 Ligario.
1176 1025 1182 1032 ,

143 1094 162 1133 n
183 1073 290 1134 Lamb.
312 1069 419 1152 aliique
429 1070 513 1152 feci,·
534 1070 617 1153 quod
637 1069 749 1130 habent
762 1069 870 1132 Ambb.
891 1069 1017 1152 aliquot,
1036 1071 1145 1153 partim

186 1201 203 1240 e
225 1181 423 1260 correctione3
444 1178 492 1240 alii
512 1189 652 1262 conrupta
661 1177 799 1260 fecerim.

144 1287 163 1348 3
185 1287 341 1348 Schtitzius
361 1307 430 1346 cum
451 1285 670 1365 Martynidag.
691 1285 859 1350 emendavit
884 1285 957 1369 quin
976 1286 1147 1346 sententiam
1252 1339 1257 1344 .

184 1393 239 1454 tibi
262 1407 291 1455 et
314 1394 506 1466 volumatem,
534 1391 615 1454 nulla
640 1413 738 1475 neque
763 1395 933 1456 necessitate
959 1391 1147 1475 postulante,

185 1522 284 1584 neque
305 1503 480 1561 auctoritate
500 1498 651 1561 suadente.

142 1609 164 1686 4
184 1609 246 1687 Qui
266 1608 388 1669 fuerumt
408 1618 510 1668 contra
531 1607 689 1668 Caesarem
709 1609 740 1668 in
759 1605 865 1668 Antea.
879 1605 985 1693 Paullo
1006 1627 1096 1689 supra
1116 1606 1147 1666 in

185 1715 253 1777 cod.
274 1715 364 1777 Peek.
384 1714 469 1776 abest
486 1717 591 1788 enam,
613 1718 697 1776 cuius
717 1726 818 1776 tamen
837 1717 933 1776 vicem
955 1715 1030 1794 gerit
1049 1726 1085 1774 et.

142 1823 232 1884 ὅθι·
258 1823 445 1906 Pompeianis
470 1823 502 1884 in
527 1821 627 1884 Allien
654 1822 782 1884 devictis.
808 1822 924 1886 Manat
944 1819 1013 1884 Vid.
1041 1819 1146 1904 adep.

187 1929 410 1990 CDXXXVlll.

141 2035 164 2097 6
184 2035 312 2098 Duobus
332 2037 476 2119 Ligariis,
495 2057 625 2122 quorum
652 2036 727 2098 alter
747 2037 833 2098 Titus
858 2035 930 2120 (ep.
951 2034 1147 2118 Dcxxvn)

184 2142 355 2222 dicebatur,
382 2143 502 2204 alterius
526 2165 710 2228 praenomen
736 2147 898 2227 ignoratur.
924 2145 1011 2206 Duos
1036 2147 1172 2228 pauiter'

183 2253 319 2332 Ligarios
335 2253 514 2334 proscriptos
529 2255 662 2314 nominat
676 2254 838 2336 Appianas,
850 2252 923 2313 Bell.
934 2253 989 2316 civ.
998 2252 1050 2335 lV,
1061 2273 1086 2312 a
1098 2271 1146 2311 αι.

142 2377 160 2439 7
183 2359 282 2418 Nostri
301 2356 364 2420 lere
385 2379 488 2420 omnes
508 2358 616 2441 aliique
635 2372 664 2420 et
682 2360 782 2420 circite
801 2372 829 2420 et
844 2361 953 2442 pietate
963 2404 973 2433 ‚
996 2357 1058 2418 ‹luo
1079 2357 1148 2418 reli-

183 2467 234 2548 qui
255 2485 297 2526 επ
318 2465 417 2526 virtute
445 2477 475 2526 et
497 2467 624 2549 pietate,·
653 2465 735 2547 quod
756 2466 846 2548 aliqui
867 2475 1053 2547 receperunt.
1074 2465 1147 2524 Mox

183 2593 252 2633 mss.
274 2571 364 2656 aliqui
384 2593 454 2634 cum
474 2573 580 2634 Lamb.
600 2573 705 2634 rohais
726 2585 793 2634 neoc
812 2592 895 2632 cura.

140 2677 161 2742 8
182 2679 240 2740 ltu
260 2701 298 2742 ex
317 2699 385 2742 mss.
405 2679 492 2742 Etsi
510 2694 528 2742 t.
541 2679 571 2762 s
592 2679 767 2761 Mart-Lag.
787 2679 894 2768 etsifia
915 2692 935 2740 t.

138 2809 163 2872 9
182 2786 252 2850 vid.
273 2807 320 2869 ep.
341 2787 509 2867 CDLXlll,
529 2808 567 2871 a,
587 2799 649 2850 not.
671 2807 720 2849 ai.

147 2916 184 2956 ιο
205 2895 326 2958 Graevii
346 2905 440 2956 monus
450 2895 530 2976 sorr.

145 3023 177 3062 ιι
202 3001 301 3082 Aliqui
321 2999 486 3087 aspiranum.

144 3129 181 3168 ιι
202 3109 253 3168 Sic
274 3127 376 3171 omnes
391 3107 499 3172 Ambo.
514 3129 584 3170 cum
598 3107 736 3172 Ernestio
750 3121 781 3172 et
793 3121 918 3194 posterr.
932 3109 1033 3190 Vulgo
1049 3107 1148 3193 Qunam

184 3213 269 3297 quid.

144 3322 180 3382 13
202 3321 253 3382 Sic
273 3321 378 3382 Lamb.
403 3322 520 3384 Ernest.
547 3324 721 3406 Mart-Lag.
751 3323 869 3384 Schtitn
896 3335 926 3386 et
947 3324 1026 3384 LV.
1047 3321 1148 3402 Cler.;
1276 3411 1279 3416 Ι

181 3447 253 3488 nam
275 3429 422 3512 pendete
448 3431 551 3493 loturo
577 3433 748 3492 declarabo.
769 3431 870 3512 Vulgo
895 3430 972 3514 quid
993 3431 1095 3490 vellem
1107 3464 1149 3474 -

182 3557 215 3596 re
233 3538 335 3618 potius
364 3537 525 3600 declarabo
555 3559 648 3624 quom
677 3539 833 3610 amnone,-
864 3537 947 3621 quod
967 3537 1091 3619 itidem,
1113 3547 1150 3597 ut

181 3641 315 3721 edimus,
335 3655 530 3706 correxerunt
549 3646 728 3727 Mart-Lag.
748 3657 779 3707 et
796 3639 912 3708 Emesa
927 3665 965 3706 ex
977 3665 1031 3704 ms.
1046 3644 1105 3704 Go.
1119 3663 1148 3703 a.

145 3749 184 3826 ni
205 3748 311 3826 Quum
332 3751 362 3810 in
382 3749 461 3812 libro
481 3767 535 3813 ms.
556 3752 639 3836 apud
659 3753 808 3833 Vrsinum,
831 3751 950 3832 legatur
968 3771 1028 3812 non
1046 3773 1149 3823 esses,

183 3859 310 3918 coniecit
329 3856 388 3936 legi
409 3856 559 3938 eleganter
577 3881 664 3942 posse
684 3881 741 3922 nae
759 3875 793 3922 tu
813 3870 870 3922 etc.
890 3859 989 3943 Supra
1006 3879 1078 3919 vero
1094 3856 1151 3918 Er·

182 3963 296 4024 nestius
316 3963 492 4026 coniiciebat
510 3965 593 4049 quod
611 3969 647 4028 ri.
667 3968 785 4030 Schittz.
806 3970 904 4030 omisit
923 3981 970 4050 et,
993 3987 1029 4028 ac
1048 3968 1149 4050 perio-

182 4081 260 4142 dum
282 4069 420 4136 absolute
441 4071 568 4138 inchoat
588 4076 694 4139 Lamb.
713 4091 743 4139 et
760 4097 825 4139 vem
846 4078 875 4136 si
892 4091 912 4139 t.
929 4098 962 4160 p.
