2910 4962
325 381 396 476 432
691 399 962 451 turortrionns

363 510 416 567 etsi
437 505 621 586 frequentius
642 505 685 565 ibi
703 525 760 587 pro
780 503 832 566 ubi
851 508 1016 586 reperitur,
1036 504 1143 566 melius
1157 515 1257 566 tumen
1272 507 1327 568 boc

364 635 482 678 sensum
498 614 662 694 connectit,
682 633 772 696 quem
795 615 835 672 sio
856 611 1015 695 explanare
1034 612 1174 694 perfacile
1189 625 1245 674 est:
1268 616 1329 674 lom
1437 681 1439 712 ἆ

363 721 501 784 ultimum
524 721 681 782 discrimen
705 720 805 796 adest,
831 725 862 782 in
887 741 948 802 quo
974 724 1141 782 necessario
1168 721 1329 783 videndum
1437 715 1439 770 ἶ

364 843 408 892 est
421 829 496 912 quid
510 842 540 891 et
552 829 641 912 quale
656 831 692 888 sit
713 831 832 910 gravius
852 827 996 890 damnum
1017 826 1227 912 proditurum,
1248 833 1333 912 qius,

364 949 399 998 ut
419 941 448 997 in
469 959 514 1022 ep.
535 959 595 1019 seq.
618 938 734 1019 Scipio,
755 937 831 996 Cnto
852 937 1003 1017 ceterique
1023 936 1213 997 iactabantur
1227 958 1332 1021 prope·

365 1045 533 1106 dicineum
560 1047 710 1106 immensis
736 1047 827 1127 copiis
852 1043 984 1104 nliutsui.
1005 1042 1098 1104 Aliter
1117 1047 1330 1128 interpretatur

365 1155 549 1232 Gronovius,
576 1156 627 1236 qui
652 1155 782 1213 correxit
805 1149 926 1234 difficile
950 1166 994 1212 est
1017 1153 1104 1212 erist.
1130 1151 1206 1213 Coil
1227 1151 1327 1214 Ambr.

370 1261 439 1321 Tibi
458 1261 511 1343 (ut
531 1260 650 1322 volebat
670 1261 832 1344 Graevius,
853 1271 883 1320 et
902 1259 1070 1322 Ernestet
1090 1260 1112 1321 l.
1133 1259 1171 1322 V.
1193 1261 1270 1323 Cler.
1284 1284 1328 1323 re-

367 1371 526 1452 ceperunt)
537 1369 635 1450 facile
655 1381 699 1428 est
717 1368 803 1452 quod
827 1369 918 1452 quale
942 1369 981 1429 sit
1002 1369 1130 1450 gmviur.
1157 1367 1237 1430 Edd.
1257 1370 1327 1430 lens

367 1488 399 1538 et
418 1477 508 1537 Herv.
529 1476 614 1558 qiiod
632 1477 722 1560 quale
742 1479 782 1537 sit
797 1499 886 1558 grave
905 1491 951 1538 est
967 1478 1056 1538 exist.

786 1719 877 1780 CDX.

332 1927 342 1968 ι
367 1907 475 1968 Melius
494 1912 525 1968 in
546 1919 645 1970 vetere
667 1909 745 1970 libio
765 1930 819 1970 rur
837 1923 864 1970 te
884 1921 939 1970 etc.
964 1907 1100 1969 Vrsriuss.

328 2035 346 2074 o
369 2015 486 2076 Caesar.

328 2121 346 2182 3
369 2121 462 2199 Quod
472 2143 533 2184 non
547 2127 587 2184 ito
601 2143 743 2206 prospere
756 2123 869 2184 bellum
885 2123 1015 2204 gerebat.
1030 2124 1161 2205 Fugiens
1175 2127 1255 2185 enirn
1267 2125 1329 2185 Ale·

367 2231 489 2292 sandrin
508 2234 539 2292 in
559 2234 709 2314 navigium
726 2253 758 2292 se
771 2235 909 2312 coniecit,
929 2235 1013 2293 cuius
1026 2243 1127 2293 tamen
1140 2231 1328 2316 repellendis
1438 2279 1439 2316 3

368 2350 448 2400 terre
468 2361 562 2423 quum
583 2339 706 2402 incultos
726 2359 787 2402 non
808 2339 945 2420 daretur,
959 2361 990 2401 se
1003 2361 1034 2401 se
1049 2362 1083 2402 ex
1098 2343 1218 2420 navigio
1232 2341 1329 2416 eiecit,
1438 2365 1439 2404 ῑ

368 2460 399 2508 et
418 2447 457 2509 nd
477 2471 542 2528 eas,
562 2471 639 2531 quae
653 2448 770 2532 longius
784 2471 802 2534 a,
815 2448 901 2510 litore
914 2469 1003 2510 naves
1017 2451 1228 2532 constiterant,
1241 2449 1329 2510 adnn-

239 2593 246 2604 ·
368 2567 433 2617 tore
447 2569 566 2618 coactus
581 2569 632 2619 est.
647 2557 767 2618 Sveton
781 2560 812 2616 in
832 2557 886 2618 lul.
900 2555 995 2638 (il-5,
1010 2555 1085 2617 Hirt
1101 2555 1172 2617 Beli.
1187 2557 1271 2618 lien
1285 2575 1330 2616 nr.

327 2664 349 2740 4
369 2662 559 2748 Pompeiani,
581 2687 627 2748 ep.
649 2665 774 2744 CDVIl,
797 2685 814 2726 ι
837 2675 868 2724 et
887 2663 979 2746 CDV,
1000 2682 1029 2724 n.

274 2833 277 2844 Δ
328 2769 348 2830 5
369 2769 503 2831 Achaeos
517 2793 601 2832 more
614 2793 670 2832 suo
685 2785 771 2833 vocat
784 2772 939 2834 obscurius
953 2782 983 2832 et
996 2773 1114 2850 tectius,
1128 2773 1181 2854 qui
1195 2773 1226 2832 in
1238 2769 1331 2832 Ache

369 2879 427 2937 iam
443 2878 581 2958 fugerant
600 2889 667 2961 post
685 2879 835 2962 proelium
847 2878 1068 2962 Pharsalicum,
1082 2899 1128 2962 ep.
1142 2879 1211 2962 CD,
1230 2899 1240 2939 1
1258 2889 1329 2940 extr.

368 2984 424 3045 Alii
445 2985 549 3065 legunt
567 2984 697 3047 Achaici
718 3009 755 3048 ex
776 3009 821 3070 ep.
844 3008 907 3071 sup.
928 2989 1007 3066 init,
1027 2989 1124 3048 minus
1144 2999 1244 3071 recte,
1263 3005 1330 3046 nam

369 3093 427 3154 illic
447 3093 591 3156 adiective
611 3097 734 3176 ponitur
751 3095 882 3156 Arimini
892 3094 1114 3180 depmcatores3
1134 3093 1185 3155 hio
1198 3115 1271 3156 vero
1283 3093 1332 3154 nb·

369 3201 478 3284 solute,
499 3202 695 3287 substentire3
715 3205 768 3263 nisi
789 3203 873 3264 molis
893 3215 923 3264 et
942 3201 991 3264 hic
1010 3201 1175 3264 subaudire
1190 3202 1332 3286 depreco-

368 3309 547 3370 toies.'Mox
567 3309 674 3372 anb.
696 3311 764 3372 item
783 3312 838 3394 qui
858 3311 888 3371 in
907 3309 1001 3384 Asia,
1023 3321 1057 3371 ut
1076 3331 1123 3394 ep.
1137 3331 1203 3394 sup.
1218 3321 1250 3372 et
1261 3329 1333 3389 seq„

368 3404 451 3498 quoel
477 3418 583 3480 melius
609 3419 749 3504 explieat,
777 3418 849 3480 alios
874 3439 951 3502 esse,
971 3440 1062 3501 quam
1089 3420 1143 3500 qui
1168 3421 1200 3478 in
1225 3415 1333 3480 Achaia

369 3537 466 3605 erent,
487 3529 598 3610 quique
618 3527 687 3589 ideo
709 3532 738 3588 in
751 3529 821 3588 Asia
842 3547 904 3586 esse
924 3547 985 3587 non
1004 3537 1158 3610 poterent,
1179 3537 1271 3608 utque
1290 3545 1333 3584 re·
1434 3519 1435 3522 ¹

368 3645 460 3695 tortas
481 3655 544 3696 esse
565 3647 678 3697 ceteros
699 3635 826 3696 aliorum
847 3637 1112 3717 interpretationes.

328 3741 350 3800 6
369 3742 503 3803 Laelium
524 3743 682 3826 significet,
696 3743 734 3804 de
748 3763 809 3825 quo
823 3763 869 3826 ep.
885 3743 992 3825 cmv,
1011 3763 1023 3802 1
1040 3740 1119 3802 med.
1135 3753 1166 3804 et
1179 3741 1293 3820 cnm,
1310 3761 1332 3798 ι·

330 3869 348 3928 7
370 3849 575 3932 Pompeianos.
596 3851 657 3912 His
677 3853 769 3935 ipsis,
791 3851 981 3912 Caesarianis.
1003 3849 1121 3912 Mavult.

330 3955 350 4017 8
370 3957 503 4020 Pertinet
523 3959 561 4021 ud
583 3961 646 4022 Hs
667 3981 737 4044 xxx,
758 3959 795 4020 de
816 3957 926 4042 quibus
947 3979 994 4042 ep.
1015 3977 1080 4040 sup.
1102 3959 1130 4020 3.
