2910 4954
352 425 423 497 322
668 439 839 490 urrsrous
865 441 1025 491 ennxxrx.
1136 439 1168 488 a.
1184 440 1220 489 v.
1238 439 1267 488 c.
1286 453 1330 499 707

353 572 494 650 quoque
520 543 650 620 habeas
682 543 916 618 firmissimam
950 556 1097 644 propter
1130 567 1189 614 eas
1216 567 1354 639 causas,

352 699 439 776 qnos
467 674 598 774 scripsi.
615 673 647 746 A
662 697 720 744 me
738 697 822 745 vero
848 671 913 744 tibi
938 672 1057 744 omnia
1081 655 1272 770 liberisque
1291 669 1354 740 tuis

350 801 573 902 paratissima
600 825 696 899 esse,
721 796 878 872 confidas
904 797 1019 871 velim.
1046 796 1090 868 Id
1117 795 1212 868 enim
1239 807 1274 867 et
1299 819 1353 868 ve-

352 939 464 1001 tustas
489 927 601 1000 nostri
627 926 770 1025 amoris,
788 939 824 998 et
841 952 918 998 mea
939 921 1161 998 consuetudo
1185 922 1224 994 in
1249 947 1354 1016 meos,

352 1067 388 1127 et
413 1067 474 1127 tua
498 1051 608 1128 multa
635 1077 715 1152 erga
741 1077 797 1124 me
823 1049 938 1126 officia
965 1048 1157 1152 postulant.

743 1301 965 1378 CDLXXX·
1092 1343 1148 1402 (nr
1163 1341 1216 1389 nn.
1232 1342 1277 1402 iv,
1294 1341 1332 1396 n)

347 1482 569 1563 Argumentum.
590 1479 751 1543 Marcellus
771 1479 936 1564 signifieat,
950 1502 982 1541 se
995 1479 1064 1563 plus
1079 1479 1252 1552 Ciceronis,
1265 1499 1351 1562 quam

388 1587 508 1660 fratris,
536 1585 661 1650 hortatu
681 1598 868 1649 commotum
889 1590 921 1648 in
942 1609 1032 1648 eausa
1053 1585 1168 1648 reditus
1189 1587 1296 1648 fuisse:
1321 1587 1351 1647 li-

388 1705 468 1758 teras
488 1697 595 1770 etiam,
615 1697 810 1757 restitutionis
831 1698 973 1768 nuntias,
994 1705 1025 1756 et
1045 1689 1300 1777 gratulationem,
1325 1702 1351 1752 et

389 1804 558 1865 amicorum
577 1799 830 1875 benivolentiam,
850 1805 980 1864 maxime
996 1802 1166 1874 Ciceronis,
1179 1799 1236 1863 sibi
1251 1799 1350 1860 admo

387 1907 461 1971 dum
481 1909 617 1994 plaeere,
637 1919 668 1972 et
686 1920 803 1992 gratem
824 1930 944 1993 semper
964 1907 1038 1970 fore.

534 2134 589 2188 Ser.
607 2134 740 2203 Mitylenis
757 2135 791 2186 Δ.
809 2133 841 2186 V.
860 2133 889 2186 C.
907 2131 1030 2188 DCCVll
1046 2142 1168 2188 exeunte.
1275 2195 1282 2204 Ι

492 2335 536 2400 Μ.
561 2333 801 2400 MARCELLVS
826 2333 869 2397 Μ.
895 2333 1086 2399 CICERONI
1110 2335 1140 2398 S.
1165 2335 1204 2397 D.

395 2550 591 2626 Plurimum
616 2550 766 2627 valuisse
791 2550 888 2652 apud
920 2575 976 2623 me
1002 2563 1099 2624 tuam
1124 2575 1266 2651 semper
1290 2575 1346 2621 au-

346 2679 569 2778 ctoritatem,
601 2703 710 2780 quum
742 2678 779 2750 in
805 2677 901 2752 omni
927 2703 985 2777 re,
1017 2691 1092 2750 tum
1118 2679 1155 2750 in
1180 2677 1251 2752 hoc
1276 2703 1345 2750 ma-

344 2803 437 2875 xime
462 2805 607 2902 negotio
626 2819 650 2903 ¹,
674 2817 777 2905 potes
807 2805 1013 2877 existimare.
1046 2805 1166 2896 Quum
1199 2804 1286 2877 mihi
1310 2805 1344 2877 C.

340 2927 550 3027 Marcellus,
584 2929 690 3003 frater
722 2931 981 3006 amantissimus
1012 2932 1103 3030 mei,
1133 2957 1208 3004 non
1233 2929 1343 3006 solum

343 3053 529 3129 consilium
554 3055 676 3155 daret,
708 3055 773 3130 sed
803 3057 967 3157 precibus
997 3083 1136 3160 quoque
1161 3083 1220 3132 me
1245 3057 1343 3134 obse·

341 3196 500 3284 oraret25
525 3209 599 3258 non
624 3184 721 3286 prius
745 3183 832 3256 mihi
856 3184 1068 3285 persuadere
1087 3187 1223 3286 potuit,
1241 3211 1341 3288 quam

339 3310 410 3384 tuis
437 3324 491 3385 est
516 3311 679 3386 ellectum
703 3310 829 3410 literis,
854 3325 894 3385 ut
917 3325 1035 3386 uterer
1059 3325 1178 3386 vestro
1205 3313 1339 3415 potissi·

339 3463 439 3512 mum
465 3437 620 3515 consilio.
647 3440 715 3512 Res
742 3437 1039 3542 quemadmodum
1063 3441 1110 3512 sit
1134 3453 1214 3512 acta
1235 3443 1261 3539 ³,
1284 3463 1339 3512 ve-

337 3580 432 3640 strae
456 3565 578 3641 literae
602 3565 688 3641 mihi
716 3564 895 3639 declarant
911 3567 937 3638 4.
967 3565 1165 3640 Gratulatio
1192 3581 1253 3640 tua
1278 3563 1338 3638 etsi

336 3708 394 3767 est
417 3693 504 3766 mihi
528 3693 798 3796 probatissima,
831 3693 928 3793 quod
961 3694 1005 3766 ab
1039 3695 1176 3794 optimo
1203 3695 1245 3768 lit
1269 3694 1338 3766 aui-

338 3843 418 3918 m03
444 3833 562 3896 tamen
587 3821 656 3895 hoc
681 3819 766 3894 mihi
792 3821 904 3894 multo
929 3819 1114 3894 iucundius
1140 3835 1195 3894 est
1212 3835 1249 3896 et
1266 3846 1336 3922 gra-

336 3943 428 4046 tius,
453 3947 551 4050 quod
576 3949 614 4024 in
638 3973 773 4026 summa
807 3947 984 4048 paucitate
1017 3949 1233 4050 amicorum,
1258 3973 1335 4051 pm-
