2910 4954
324 469 393 542 282
662 477 833 530 arrsrota
859 473 980 528 cutax.
1097 477 1126 526 t.
1146 481 1179 528 v.
1197 479 1227 526 c.
1248 491 1298 542 ⁷⁰⁷

319 609 413 692 tura,
438 587 549 692 qualis
574 585 779 686 exprimitur
810 581 989 682 praeclaro
1015 579 1075 654 iliu
1101 579 1191 654 libro
1223 581 1323 680 Que-

315 721 471 794 telarum
498 729 633 787 tuarum
647 712 687 781 ³¹.
706 709 868 810 Accedit,
894 705 989 812 quod
1008 709 1151 782 mirifice
1169 711 1320 808 ingeniis

312 841 578 938 excellentibus,
611 836 712 940 quale
745 851 799 912 est
832 849 947 936 tuum,
981 835 1182 909 delectatur.
1209 839 1318 910 Prae-

312 987 404 1046 terea
431 968 527 1044 cedit
552 964 742 1045 multorum
767 963 866 1038 iustis
884 964 915 1012 ³²
941 977 978 1034 et
1002 961 1121 1036 officio
1147 963 1318 1063 incensis,

308 1124 384 1174 nou
406 1095 569 1172 inanibus
594 1105 657 1171 aut
680 1089 891 1188 ambitiosis,
908 1089 1160 1167 voluntatibus.
1177 1093 1222 1166 In
1240 1117 1314 1192 quo

306 1225 535 1300 vehementer
557 1247 640 1294 eum
669 1219 891 1302 consentiens
923 1218 1065 1294 Etruria
1090 1217 1252 1294 movebit
1271 1221 1314 1290 ³³.

306 1353 378 1426 Cur
393 1351 481 1424 haec
496 1349 603 1448 igitur
619 1344 735 1420 adbuc
753 1371 877 1446 parum
897 1344 1144 1446 profecerunt
1155 1383 1207 1406 -κ
1218 1347 1312 1439 Quia

305 1505 378 1552 non
403 1491 506 1580 putat
531 1501 568 1548 se
593 1475 763 1548 sustinere
789 1497 910 1545 causas
932 1497 1037 1574 posse
1054 1471 1263 1574 multorum,
1280 1475 1311 1546 si

306 1603 388 1706 tibi,
412 1603 470 1675 cui
494 1603 617 1680 iustius
644 1599 784 1676 videtur
807 1599 907 1675 irasci
934 1625 1054 1702 posse,
1087 1602 1308 1674 concesserit

303 1731 405 1826 Quae
430 1741 498 1830 est,
522 1729 644 1828 igitur,
660 1725 812 1832 inquies,
829 1753 909 1831 spes
926 1725 971 1798 ab
988 1725 1097 1800 irato?
1108 1726 1308 1800 -Eudem

302 1858 399 1934 fonto
423 1883 461 1936 so
488 1856 696 1932 hausturum
727 1853 890 1952 intelligit
921 1852 1041 1930 laudes
1067 1881 1163 1954 suas,
1188 1881 1207 1928 e
1234 1881 1304 1958 quo

300 1986 348 2058 sit
371 1984 495 2060 leviter
515 1982 707 2084 'adspersus
725 1981 767 2054 ³4.
792 1982 976 2057 Postremo
1002 1979 1110 2056 bomo
1130 1979 1233 2055 valde
1252 1995 1304 2054 est

300 2124 439 2209 acutus,
455 2121 491 2182 et
507 2108 656 2181 multum
674 2106 874 2210 providens.
900 2107 1084 2208 Intelligit,
1110 2121 1162 2206 te,
1187 2108 1305 2182 homi·

297 2263 380 2311 nem
403 2238 440 2311 in
466 2247 567 2339 parte
591 2233 712 2308 ltaliae
745 2234 889 2306 minime
915 2233 1171 2310 contemnenda
1191 2215 1223 2288 3⁵
1250 2237 1299 2310 fa·

297 2361 363 2438 cile
388 2363 545 2440 omnium
570 2359 845 2460 nobilissimum,
869 2375 905 2434 et
930 2363 966 2434 in
985 2365 1164 2436 communi
1182 2390 1220 2436 re
1238 2391 1302 2464 pu-

295 2489 388 2568 blica
413 2491 525 2566 cuivis
550 2475 767 2566 summorum
785 2501 865 2561 tuae
892 2491 1033 2586 aetatis,
1058 2489 1113 2563 vel
1140 2491 1299 2592 ingenio,

294 2617 353 2694 val
377 2619 502 2718 gratia,
530 2616 585 2710 ¹vel
610 2615 702 2692 sama
719 2615 842 2718 popuii
859 2615 1007 2689 Romani
1021 2617 1053 2667 ³⁶
1071 2643 1208 2718 parem,
1224 2645 1297 2692 non

294 2769 400 2842 posse
430 2743 607 2843 prohiberi
641 2769 677 2816 ra
710 2741 851 2842 publica
882 2741 1021 2819 diutius.
1046 2743 1153 2818 Nolet
1169 2746 1200 2812 ³⁷
1228 2745 1298 2820 hoc

294 2869 462 2967 temporis
487 2870 611 2971 potius,
632 2893 708 2940 esse
734 2867 922 2970 aliquando
938 2869 1165 2971 beneficium,
1190 2899 1296 2976 quam

292 2993 361 3067 iam
387 3019 499 3067 suum.
524 2994 606 3068 Dixi
632 2992 676 3065 de
702 2994 864 3068 Caesare:
889 3019 983 3068 nunc
1008 2994 1125 3070 dicam
1148 2996 1193 3070 de
1211 3013 1296 3074 tem·

291 3145 418 3220 purum
444 3145 629 3221 rerumque
653 3133 788 3194 natura.
813 3119 927 3196 Nemo
953 3134 1005 3195 est
1032 3134 1104 3195 tam
1128 3123 1292 3200 iuimicus

289 3247 321 3323 ei
342 3273 484 3346 causae,
506 3273 613 3350 quam
628 3247 819 3349 Pompeius
836 3248 1009 3322 animatus
1027 3249 1169 3352 melius,
1186 3279 1292 3356 quam

287 3387 448 3473 paramo,
473 3390 694 3476 susceperat,
720 3375 779 3478 qui
804 3401 870 3448 uos
895 3375 1006 3449 malos
1032 3375 1127 3452 cives
1153 3378 1297 3480 dicere,

288 3513 350 3574 aut
373 3499 533 3580 homiues
563 3501 743 3602 improbos
777 3501 911 3576 audeat
947 3503 989 3576 In
1021 3529 1093 3610 quo
1126 3505 1288 3582 admirari

288 3626 385 3703 soleo
402 3631 607 3730 gravitatem
625 3643 662 3701 et
677 3629 846 3703 iustitiam
871 3642 907 3702 et
931 3631 1139 3730 sapientiam
1164 3634 1288 3710 Caesa·

287 3753 343 3825 ris.
370 3756 587 3860 Numquam,
612 3757 678 3829 uisi
696 3755 1060 3857 honorificentissime,
1076 3759 1284 3862 Pompeium

287 3878 450 3979 appellat.
468 3927 518 3940 -—
530 3885 577 3957 At
607 3884 643 3954 iu
666 3883 739 3954 eius
756 3905 942 3982 personam
959 3882 1069 3957 multa
1085 3883 1168 3960 fecit
1185 3913 1284 3990 aspe-

285 4003 366 4076 rius.
381 4049 431 4062 —
442 4007 627 4085 Armorum
654 4010 719 4082 ista
746 4019 781 4080 et
807 4007 972 4082 victoriae
989 4025 1072 4084 sunt
1087 4011 1194 4115 sacta,
1211 4039 1281 4090 nou
