2880 4956
666 444 836 500 rurororl
863 447 958 500 cour.
1084 443 1115 498 l.
1132 447 1162 494 r.
1180 445 1214 498 c.
1230 444 1281 507 reo

441 675 496 728 su.
515 673 640 730 uruuuuu
661 677 689 730 r.
710 673 740 727 v.
760 673 791 726 c.
810 671 931 738 occur,
951 669 1015 729 vur
1037 667 1074 727 ru
1094 669 1170 728 uau

622 862 766 928 crcEflo
790 858 941 926 ATTICO
968 861 997 926 s.

365 1080 377 1126 r
407 1053 598 1142 Confectus
622 1053 692 1124 ium
710 1050 866 1127 omoiaru
882 1050 1114 1123 maximorum
1129 1045 1310 1146 dolomm,

309 1205 370 1282 ne,
395 1181 424 1253 ri
449 1181 495 1252 sit
520 1177 684 1288 quidem,
708 1175 806 1278 quod
831 1174 878 1252 orl
902 1185 941 1248 lo
963 1171 1110 1246 doboum
1135 1173 1311 1272 souillers,

308 1305 408 1380 facile
440 1303 478 1377 id
501 1303 627 1404 exequi
659 1301 794 1402 possim
815 1317 844 1401 ²3
875 1300 945 1374 hoo
977 1286 1110 1397 ιιιίηιιε,ι
1133 1298 1231 1408 quod
1255 1322 1311 1372 reo

308 1430 403 1506 nulla
430 1445 504 1526 ost,
537 1453 629 1536 quae
659 1425 846 1506 scribenda
872 1428 938 1530 sit5
971 1453 1078 1536 quum
1104 1425 1310 1534 praesertim

309 1585 354 1632 ue
379 1583 460 1659 spes
487 1555 629 1657 quidem
654 1549 973 1656 ulla'osteudatur,
998 1553 1071 1627 fore
1097 1549 1229 1626 melius.
1255 1553 1310 1632 lta

305 1687 380 1764 ,iam
404 1709 449 1764 uo
475 1695 552 1760 lura
578 1679 721 1782 quidum
746 1679 864 1762 literas
889 1693 1074 1780 exspert03
1097 1703 1311 1783 quamquam

310 1835 449 1909 semper
479 1807 613 1908 aliquid
649 1805 816 1904 alionum,
848 1805 946 1908 quod
978 1804 1093 1886 velim.
1123 1806 1244 1902 Quart
1272 1819 1311 1886 lu

311 1921 454 2037 quiriem
487 1927 648 2033 surium,
678 1929 790 2034 'quum
822 1932 906 2032 erit,
938 1933 995 2010 cui
1028 1931 1099 2012 dos.
1130 1931 1212 2030 Ego
1241 1929 1312 2004 luia

309 2061 495 2160 proximis,
526 2083 613 2160 quas
646 2073 765 2131 tamon
796 2059 866 2130 lum
898 2057 1036 2162 pridem
1061 2057 1198 2157 uooepi,
1222 2053 1310 2130 nihil

310 2185 442 2286 habeo,
474 2183 570 2294 quod
608 2183 805 2264 rescribam.
837 2187 962 2283 Longo
996 2185 1089 2257 euim
1123 2181 1309 2256 intervallo

310 2311 414 2394 video
440 2313 623 2386 immutata
649 2338 724 2385 esse
749 2312 883 2384 omnia:
908 2311 966 2392 illa
991 2337 1067 2384 esse
1087 2309 1203 2414 firma,
1220 2336 1310 2420 quae

310 2439 463 2522 debeant
476 2457 491 2488 ²
498 2468 511 2539 3
533 2437 602 2520 u‘or
625 2439 795 2520 stultiora
818 2452 958 2518 nostrae
984 2437 1202 2542 gravissimu
1226 2463 1310 2544 poe⁴

307 2593 371 2645 uas
396 2567 560 2668 pondero.
728 2647 737 2662 .

192 2691 194 2696 ’
360 2719 382 2764 2
408 2695 446 2764 P.
473 2693 638 2766 Sallustio
662 2693 819 2766 ourauda
846 2707 931 2766 suut
948 2693 1026 2765 nu
1042 2717 1127 2789 m,
1143 2715 1235 2792 quoe
1251 2717 1309 2768 uu-

310 2816 389 2914 cepi
414 2841 434 2888 a
459 2817 522 2888 Cu.
548 2815 720 2890 Sallustio.
741 2815 858 2889 Velirn
884 2817 1020 2916 videas,
1045 2831 1085 2889 ut
1109 2818 1184 2890 siue
1209 2842 1308 2891 mora

310 2953 475 3013 curentur
489 2941 513 3012 ³.
539 2942 593 3014 De
619 2967 659 3014 ea
685 2944 871 3042 rescripsi
898 2943 943 3017 ad
961 2945 1177 3018 Terentium:
1204 2957 1308 3046 atque

310 3063 378 3144 hoc
404 3065 520 3164 iprum
543 3067 613 3140 ium
639 3094 751 3169 prope
784 3083 1007 3142 consumtum
1041 3083 1103 3143 est.
1128 3069 1247 3160 Quare
1271 3068 1309 3142 id

309 3217 450 3298 quoquo
475 3192 597 3293 velim,
630 3221 711 3270 cum
741 3194 799 3274 illu
826 3197 962 3296 videas,
991 3209 1031 3273 ut
1055 3197 1123 3298 sit,
1146 3197 1206 3300 qui
1231 3210 1309 3272 uta-

308 3343 388 3391 mur
399 3317 423 3389 l.
450 3319 518 3392 Hie
543 3319 690 3396 fortasse
714 3335 839 3422 potero
865 3349 1018 3420 sumere,
1041 3324 1073 3394 ui
1098 3323 1205 3395 nciam
1231 3323 1310 3396 istic

309 3457 469 3540 paratum
496 3443 568 3518 sore
584 3449 616 3518 ⁵:
633 3445 695 3520 sed
722 3449 835 3547 prius,
860 3475 966 3549 quam
992 3445 1029 3518 id
1054 3449 1196 3546 scirem,
1221 3448 1310 3522 nihil

308 3594 385 3640 sum
411 3596 513 3644 ausus
540 3597 683 3646 sumere.
710 3574 781 3665 Qui
808 3575 853 3646 sit
878 3573 1036 3647 omnium
1061 3599 1175 3647 rerum
1196 3587 1309 3646 surus

308 3707 442 3793 noster,
468 3697 576 3771 vides.
602 3698 697 3772 Nihil
722 3712 776 3770 est
800 3699 899 3796 muli,
925 3699 1021 3801 quod
1045 3725 1119 3772 nou
1143 3713 1180 3771 et
1204 3699 1310 3772 susti-

310 3844 427 3918 neam,
460 3836 495 3894 et
527 3839 735 3924 exspectem.
769 3826 928 3917 Quarum
959 3852 1074 3899 rerum
1101 3851 1143 3897 eo
1170 3827 1310 3923 gravior

310 3958 363 4018 est
388 3944 505 4046 dolor,
531 3977 600 4050 quo
627 3950 729 4050 eulpa
756 3953 875 4026 maior.
900 3951 991 4025 Ille⁶
1011 3954 1048 4025 in
1073 3951 1209 4038 thuia¹
1236 3977 1309 4025 nou
