2818 4958
330 487 403 566 268
643 505 813 558 :arraona
840 502 1011 556 coaxvnr.
1110 503 1140 552 a.
1158 504 1194 556 v.
1210 505 1240 553 c.
1256 518 1303 569 μ,

330 615 418 690 locis
448 612 565 687 minor
598 611 705 684 etiam
737 609 783 684 ad
817 608 951 684 moinus
983 603 1205 684 verecundia.
1242 607 1326 684 llilri

331 739 424 815 salus
447 752 508 813 tua
532 751 650 813 mutae
676 763 779 813 curae
803 749 875 838 est,
898 749 940 811 ut
955 733 1123 810 Marcello
1147 735 1249 810 fratri
1267 750 1326 811 tuo

332 881 394 942 aut
417 891 497 968 par,
522 879 584 941 aut
608 879 702 941 certe
726 865 908 972 proximus
932 865 1007 938 sim.
1025 863 1146 938 Tuum
1170 877 1227 937 est
1252 888 1327 940 con·

332 992 444 1070 sulere
476 993 714 1096 temporibus,
746 1007 782 1068 et
808 991 1057 1093 incolumitati,
1089 1003 1128 1065 ct
1158 991 1274 1092 vitae,
1295 1005 1327 1065 et

332 1120 481 1196 fortunis
506 1123 583 1196 tuis.
610 1120 709 1198 Vale.

727 1373 924 1450 CDLXIX.
1065 1413 1194 1474 (um,
1209 1413 1258 1475 ῃ,
1274 1417 1308 1472 ⁴)
1386 1375 1388 1380 ’

332 1551 553 1634 Argimrerrtum.
574 1552 698 1636 Sulpicii
725 1555 914 1614 excusatione
943 1551 1099 1615 literarum
1129 1555 1251 1636 saepius
1271 1572 1327 1611 uno

373 1659 511 1742 exemplo
530 1657 667 1720 datarum
689 1662 799 1744 partim
821 1669 959 1742 accepta,
979 1660 1089 1742 partim
1110 1659 1240 1730 reiecta,
1259 1660 1327 1740 ipsi-

373 1785 470 1848 usque
490 1765 637 1848 elegantia
657 1765 806 1828 scribendi
827 1765 970 1839 laudata,
1000 1763 1111 1849 probat
1134 1764 1214 1826 illius
1234 1769 1328 1826 consi-

374 1873 471 1946 lium,
495 1872 785 1935 administrationem
806 1871 937 1934 Achaiae
962 1873 1134 1956 provinciae
1154 1873 1188 1932 iu
1209 1892 1240 1934 se
1259 1875 1330 1932 reci*

374 1978 484 2062 piendi.
504 1979 622 2041 Deinde
641 1991 745 2041 narrat
765 1978 803 2040 de
820 1989 939 2040 senatus
953 1979 984 2042 in
997 1977 1131 2039 Marcelli
1147 1979 1330 2039 restitutione

373 2106 393 2145 a
413 2087 540 2147 Caesare
560 2086 750 2171 impetranda
769 2085 891 2169 offici03
912 2085 951 2147 de
971 2085 1075 2147 studiis
1095 2085 1192 2146 Servii
1214 2083 1284 2158 filii,
1303 2094 1331 2144 et

375 2193 440 2254 aliis
461 2189 559 2254 rebus.

457 2419 513 2474 Ser.
530 2417 625 2474 llomae
642 2419 675 2473 Δ.
691 2417 725 2472 V.
743 2419 772 2473 C.
790 2417 928 2488 DCCVH,
945 2417 982 2472 II.
999 2419 1071 2490 Sept.
1088 2427 1211 2473 exeunte.

481 2647 525 2713 Μ.
550 2647 586 2712 Τ.
610 2644 755 2713 CICERO
780 2643 864 2710 SER.
888 2642 1071 2712 SVLPICIO
1095 2643 1126 2710 S.
1151 2645 1190 2709 D.

384 2879 533 2981 Accipio
546 2881 817 2982 =excusationem
841 2895 955 2980 tuam,
987 2905 1055 2982 qua
1085 2905 1170 2954 usus
1194 2906 1251 2980 es,
1274 2905 1332 2954 cnr

336 3006 474 3107 saepius
499 3004 545 3079 ad
569 3032 625 3078 me
649 3005 767 3082 literas
784 3033 856 3082 uno
874 3005 1062 3108 exemplo¹
1081 3005 1255 3082 dedisses:
1272 3003 1333 3080 aad

311 3183 313 3186 -
337 3133 473 3234 accipio
497 3157 541 3205 ex
565 3157 605 3207 ea
626 3147 742 3234 parte,
760 3149 931 3235 quatenns
949 3147 1010 3208 aut
1025 3133 1256 3234 negligentia,
1274 3143 1332 3204 ant
1397 3217 1398 3238 ,

334 3257 561 3360 improbitate
585 3283 723 3362 eorum,
755 3263 815 3364 qui
846 3260 1011 3362 epistolas
1043 3261 1238 3361 accipiant,
1262 3259 1332 3332 lieri
1397 3239 1398 3242 Ἴ

334 3384 475 3485 scribis,
498 3409 543 3460 ne
568 3385 615 3460 ad
639 3411 706 3462 nos
732 3389 958 3490 perferantur.
991 3386 1092 3462 Illam
1117 3403 1257 3489 partem
1280 3411 1333 3460 ex-

334 3511 540 3614 cusationis,
566 3539 635 3616 qna
660 3513 837 3588 rescribis
855 3514 1022 3588 orationis
1040 3527 1250 3614 paupertate
1264 3514 1333 3604 (sic

334 3640 428 3712 enim
452 3637 625 3741 appellas)
643 3639 768 3716 iisdem
786 3639 900 3718 verbis
917 3637 1084 3742 epistolas
1101 3641 1242 3742 saepius
1257 3639 1335 3713 mit·

334 3775 424 3865 tere,
448 3791 514 3840 nec
539 3791 649 3842 nosco
661 3784 687 3867 ²,
711 3792 777 3840 nec
803 3765 926 3868 probo.
952 3769 1001 3842 Et
1025 3791 1091 3866 ego
1115 3767 1212 3868 ipse,
1232 3791 1335 3869 quem

336 3900 376 3960 tu
400 3914 464 3990 per
487 3894 606 3967 iocum
631 3895 708 3984 (sic
734 3895 828 3967 enim
853 3895 1016 3994 accipio)
1043 3891 1184 3968 divitias
1209 3892 1335 3968 oratio·

252 4037 253 4040 ’
337 4014 393 4086 nis
418 4015 546 4094 habere
572 4019 680 4119 dicis,
710 4045 767 4094 me
799 4045 872 4096 non
898 4045 973 4096 esse
998 4020 1189 4098 verborum
1215 4017 1338 4096 admo-
