2898 4956
317 419 396 526 Ιι360
651 469 823 518 arrsrona
847 469 989 519 conxvr.
1105 467 1136 514 s.
1149 469 1183 516 v.
1202 467 1232 516 c.
1249 478 1298 530 ,η

321 577 449 652 locum.
474 575 512 648 Si
531 573 626 647 enim
640 572 839 647 libertatem
855 573 1046 673 sequimur3
1062 572 1122 671 qui
1137 568 1238 644 locus
1253 567 1325 644 boc

323 704 507 779 dominatu
529 698 652 776 vaceti
672 701 727 774 sin
743 698 1033 801 qualemcumque
1049 696 1185 796 locum5
1203 699 1325 798 qrae⁶

322 843 377 909 eet
401 830 595 908 domestica
623 827 706 904 sede
738 824 943 902 iucundiori
976 824 1047 900 Sed
1077 824 1164 898 mibi
1197 822 1327 923 crede,

323 959 430 1032 etiam
444 957 492 1058 is,
517 958 576 1062 qui
601 956 720 1031 omnia
744 968 885 1052 taneta,
908 953 1007 1028 lavet
1029 953 1194 1052 ingeniis:
1220 951 1326 1026 nobi·

322 1083 459 1160 litatem
484 1108 586 1182 vero,
610 1095 647 1156 et
672 1079 910 1181 dignitatem⁸
936 1077 1135 1178 bominum,
1153 1091 1328 1179 quantum

325 1213 451 1312 eiras,
473 1223 509 1284 et
526 1209 637 1312 ipsius
662 1233 767 1282 causa
793 1203 972 1305 concedit,
997 1205 1230 1305 amplectitur.
1255 1204 1328 1278 Sed

325 1336 439 1442 plura,
464 1362 570 1441 quam
594 1349 793 1410 statueram.
819 1333 939 1407 Redeo
965 1359 1047 1432 crgo
1074 1330 1120 1406 ad
1144 1357 1257 1404 unum
1281 1330 1326 1404 il·

324 1461 406 1563 lud,
421 1487 478 1536 me
496 1475 595 1540 tuum
620 1487 695 1560 csse
707 1480 734 1560 a,
750 1461 824 1536 lore
841 1487 921 1534 cum
939 1461 1025 1558 tuis,
1041 1461 1071 1532 si
1087 1456 1196 1533 modo
1221 1471 1327 1532 enmt

325 1589 487 1662 tui¹⁰tsi
510 1555 650 1687 minus:
667 1613 722 1662 me
748 1601 842 1661 certe
866 1589 905 1661 in
931 1586 1094 1660 omnibus
1119 1584 1224 1659 rebus
1241 1586 1327 1659 satis

317 1729 467 1793 ‘nostiae
492 1709 731 1791 coniunctioni
755 1716 936 1817 amorique
960 1714 1142 1790 factunm.
1167 1711 1267 1787 Vale.

714 1967 925 2046 CDLXVII.
986 2084 988 2093 Ι
1045 2009 1099 2068 <aa
1113 2008 1167 2054 oa.
1183 2008 1244 2068 vu,
1258 2009 1303 2068 η)

328 2143 547 2225 Aminnearum.
568 2145 699 2208 Fadium
720 2147 861 2218 Gallum,
886 2149 940 2231 qui
958 2168 991 2212 ao
1010 2167 1066 2232 per
1085 2146 1187 2210 literas
1207 2167 1327 2210 acuns

368 2262 473 2328 serat,
492 2255 625 2338 graviter
643 2256 794 2336 repungit.

598 2462 651 2516 Ser.
669 2461 765 2518 Romae
781 2460 813 2517 Δ.
831 2459 864 2516 V.
882 2461 911 2518 c.
930 2462 1059 2522 nccwr.

618 2653 763 2724 CICERO
780 2651 916 2724 GALLO
930 2666 940 2702 ¹
958 2655 988 2720 S.
1003 2655 1042 2720 D.

379 2843 512 2943 Miror,
544 2869 608 2918 cur
637 2867 694 2918 me
726 2869 891 2944 accuses,
924 2871 1032 2948 quum
1062 2841 1129 2916 tibi
1151 2842 1191 2917 id
1216 2845 1328 2920 lacere

330 2992 404 3044 non
427 2968 539 3042 liceat.
566 2968 675 3062 Quod
699 2971 728 3044 si
752 2971 890 3072 liceret,
924 2985 1041 3046 tamen
1066 2996 1140 3046 non
1165 2970 1328 3048 debebas.
1438 3017 1439 3022 =

336 3129 355 3164 κ
379 3099 457 3195 Ego
483 3097 578 3170 enim
602 3109 638 3170 te
662 3097 699 3171 in
725 3097 910 3174 consulatu
940 3099 1164 3174 observarem
1181 3115 1206 3171 ³.
1232 3132 1251 3165 n
1281 3103 1329 3174 Et

328 3222 398 3322 ais,
422 3222 513 3322 sore,
537 3236 577 3296 ut
602 3235 638 3296 te
663 3225 791 3300 Caesar
813 3227 976 3300 restituat
991 3230 1016 3297 ³.
1048 3224 1163 3300 Multa
1187 3239 1228 3298 tu
1253 3227 1329 3328 qui·

330 3347 413 3423 dem
438 3349 543 3450 diois5
566 3349 630 3424 sed
653 3351 720 3424 tibi
743 3377 848 3427 nemo
869 3352 989 3426 credit.
1007 3350 1241 3426 Tribunatum
1259 3351 1329 3454 pla·

329 3473 422 3549 beil
448 3475 535 3550 diois
561 3491 597 3587 tc
621 3504 701 3552 mea
726 3505 830 3554 causa
854 3481 991 3580 petisse.
1016 3477 1163 3552 Vtinam
1191 3503 1329 3578 semper

329 3597 424 3682 esses
447 3604 625 3681 tribunus!
649 3607 913 3681 intercessorem
934 3631 1008 3680 non
1025 3630 1209 3709 quaereres
1221 3607 1246 3678 ⁵.
1263 3603 1328 3680 Ne·

314 3714 408 3831 ¹gos,
431 3758 489 3806 me
515 3732 662 3834 audem,
678 3717 776 3835 quod
799 3735 963 3832 sentiam,
981 3733 1113 3834 dicere3
1134 3733 1237 3838 quasi
1253 3729 1328 3829 tibi,

331 3881 440 3957 quum
472 3859 728 3962 impudenter⁶
760 3885 817 3934 me
848 3887 1005 3960 rogares,
1035 3886 1161 3962 parum
1192 3858 1329 3934 fortiter
1438 3917 1439 3930 ,

331 3982 581 4083 responderim.
619 3987 716 4061 Haec
748 3986 814 4060 tibi
846 3987 991 4090 scripsi,
1022 4001 1063 4060 ut
1094 3988 1163 4060 isto
1189 3987 1270 4087 ipso
1294 3983 1329 4055 in
1438 4003 1439 4046 i
