2910 4962
322 405 396 504 426
686 423 957 476 annortrroxns

362 547 392 597 et
412 531 480 596 edd.
505 553 551 618 pr.
578 531 728 590 cessimus.
755 527 861 590 Lamb.
888 527 996 609 aliique
1022 527 1319 594 martianaeum

359 663 435 704 umes
455 651 500 702 est
520 639 650 716 Quintus
670 636 769 698 frater.
790 633 887 697 Idem.
1432 683 1433 692 ,

323 772 359 812 ιο
378 746 649 811 commendaverat
673 747 788 806 Atticus
817 744 921 804 Marco
947 744 1096 823 Quintum
1123 743 1266 824 irenem,
1291 757 1324 806 ut
1432 721 1433 724 Ἴ

359 857 443 941 apud
463 856 622 916 Caesarem
644 855 703 913 suis
728 850 818 913 literis
845 851 1007 912 adiuvaret
1028 849 1118 912 Vnde
1144 851 1219 912 iliud
1245 855 1325 935 epist

359 963 528 1026 CDXXVI:
549 961 679 1034 Scribis,
700 959 786 1020 iilum
802 979 860 1041 per
884 979 930 1018 are
958 958 1067 1041 Quinto
1082 957 1155 1040 fore
1179 959 1327 1042 placatio·

334 1079 436 1144 ‘mnu
458 1092 504 1154 ep.
525 1069 652 1146 cuvll,
678 1089 701 1127 1.
722 1065 800 1128 Vide
822 1065 939 1128 Manna

323 1201 353 1242 11
379 1179 421 1240 Vt
441 1177 532 1255 inira,
554 1175 678 1254 seilicet,
699 1173 885 1236 describitur.

324 1307 359 1350 ra
381 1286 501 1347 Caesari
522 1284 764 1364 familiarissimo3
785 1303 852 1365 epp.
875 1281 954 1342 CLV
975 1291 1006 1341 et
1026 1281 1216 1343 CDLXVIII.
1241 1283 1327 1344 Mon-

358 1375 431 1477 gait.
453 1393 523 1455 Mor
542 1411 600 1475 pro
620 1389 730 1475 deserti
749 1391 858 1452 Graev.
880 1388 989 1470 aliique
1008 1388 1116 1472 referri.
1432 1379 1433 1390 ¹

325 1503 360 1563 13
382 1500 498 1562 Scilicet
512 1501 661 1578 Quintum
673 1497 805 1560 fratrem
827 1497 900 1558 Mox
911 1496 1045 1578 fovisse,
1066 1496 1204 1559 videlicet
1217 1497 1326 1576 eidem,

362 1609 540 1690 legationem
561 1609 588 1669 ei
613 1605 713 1667 dando
742 1609 771 1667 in
797 1603 878 1666 beiio
903 1604 1036 1687 Gallico;
1057 1589 1103 1688 ep.
1125 1605 1280 1684 CXLVII,
1300 1627 1326 1686 7.

361 1716 452 1778 Here.
479 1715 584 1777 Lamb.
606 1713 713 1796 aliique
724 1713 853 1795 fovisse:
875 1713 1001 1774 alterum
1022 1723 1121 1774 11111111
1143 1716 1243 1774 sensui
1266 1735 1326 1773 ma·

361 1828 404 1908 gis
425 1845 608 1907 congruum,
629 1823 680 1884 sed
702 1823 861 1884 insolenter
882 1843 950 1882 curn
971 1823 1148 1882 accersativo.

325 1934 361 2010 14
381 1933 509 2016 Supple,
523 1932 612 1992 inisse
627 1930 764 2014 epistolas
778 1933 841 1991 eius
855 1928 894 1990 ad
908 1929 989 1991 aiios.
1006 1929 1096 1990 Here.
1111 1929 1221 2012 aliique
1234 1928 1324 1990 einsd.
1432 1911 1433 1970 i

355 2063 384 2122 g.
406 2041 514 2100 literas.
535 2038 674 2101 Lambini
692 2058 765 2099 vero
779 2040 1016 2121 interpunctione
1030 2036 1130 2097 tuem
1144 2037 1277 2098 refertur
1288 2036 1324 2097 ad

358 2169 438 2230 seqq.
460 2146 505 2208 ad
524 2160 551 2207 te
571 2145 649 2205 misi.

322 2254 359 2318 15
378 2255 444 2316 Non
464 2255 519 2339 ipsi
540 2253 671 2333 Quinto,
691 2251 744 2312 sed
765 2251 804 2312 ad
824 2273 900 2334 quoa
921 2254 1047 2336 scriptae
1067 2263 1143 2314 sunt.

321 2361 359 2426 16
379 2364 483 2443 Quinti
504 2365 637 2445 signum,
658 2382 720 2444 quo
740 2363 850 2422 iterum
870 2362 1019 2442 obsignari
1039 2371 1172 2444 possunt.

322 2493 356 2552 ¹7
379 2472 428 2532 Sic
448 2473 560 2554 optime
571 2470 660 2540 ¹hunc
680 2470 945 2560 loeumconstitnit
959 2469 1113 2530 Graevius
1127 2467 1245 2530 laced,
1257 2467 1324 2530 Bai-

357 2579 417 2640 lioi.
438 2582 483 2640 ist.
504 2601 543 2642 m.
561 2601 618 2664 per
636 2593 662 2640 tc
680 2579 879 2663 patrimonio:
901 2579 949 2639 cui
970 2575 1084 2638 accedit
1103 2576 1193 2639 nmb.
1206 2574 1246 2660 ὃς
1260 2575 1322 2637 ood.

359 2686 483 2748 Helmst.
511 2699 542 2749 et
563 2687 631 2748 edd.
652 2709 697 2770 pr.
719 2688 739 2749 i.
759 2707 798 2748 m.
817 2699 908 2770 partu
924 2686 1116 2770 patrimonio.
1136 2684 1211 2747 ideo
1232 2687 1324 2746 Grae·

359 2797 425 2854 vius
444 2804 526 2856 reete
546 2797 710 2878 suspicatus
731 2806 775 2856 est
795 2797 825 2855 in
845 2793 944 2857 verbis
961 2807 1055 2877 perte
1067 2793 1217 2876 reiparte
1234 2793 1323 2854 latere

356 2915 451 2985 patr-e.
471 2903 585 2984 Nempe
605 2904 675 2983 quia
696 2901 823 2984 putabat
843 2903 948 2962 Cicero
967 2922 1023 2963 nec
1042 2911 1124 2963 mnia
1145 2899 1226 2962 maia
1239 2902 1323 2962 sinti·

357 3029 445 3092 nere,
470 3029 527 3070 nec
550 3008 660 3070 diutius
680 3011 780 3072 vivere
805 3030 900 3093 posse.
928 3011 1111 3072 Patrimonio
1138 3031 1228 3092 vero,
1254 3011 1323 3094 quia

356 3117 480 3179 fortasse
500 3115 539 3178 de
557 3118 774 3201 proscriptione
794 3117 928 3180 timebat
1306 3175 1310 3183 .

320 3223 355 3289 18
375 3226 519 3306 Videtur,
539 3229 567 3288 ei
585 3225 736 3310 perlatum
761 3245 825 3288 esse
851 3246 1022 3305 rumorem,
1043 3226 1218 3288 Terentiam
1246 3247 1321 3310 quo-

352 3353 412 3417 que
432 3335 582 3418 privatum
602 3337 638 3396 iri
658 3334 758 3417 bonis,
779 3345 832 3396 aut
850 3346 880 3396 et
893 3333 931 3396 de
952 3355 988 3395 ea
1009 3337 1213 3396 accusationes
1233 3335 1321 3396 tuens
1431 3405 1432 3410 η

353 3461 417 3502 esse
439 3441 519 3526 apud
541 3441 716 3526 Caesarem,
736 3453 772 3504 ut
792 3445 909 3504 coniicit
929 3441 1056 3526 Popmm

315 3569 352 3632 ¹9
372 3548 439 3610 Hoc
459 3561 519 3632 est,
539 3551 563 3610 si
584 3571 634 3612 me
647 3570 708 3611 non
721 3553 866 3630 invenies,
886 3561 921 3611 ut
942 3547 1085 3634 significet
1106 3571 1137 3612 ae
1155 3549 1321 3618 abiturum.

351 3655 398 3717 vel
419 3659 609 3720 moriturum.
635 3657 760 3720 Corrad.

314 3783 352 3824 no
372 3765 415 3825 Ne
436 3767 474 3844 Q.
496 3765 588 3828 irater
608 3767 677 3849 (qui
698 3775 763 3830 erat
782 3769 881 3827 minor
894 3779 967 3828 natu
982 3789 1018 3828 11
1034 3766 1126 3830 Olbia
1140 3787 1249 3828 eornm
1262 3787 1322 3828 1111-

354 3871 418 3953 tre)
437 3885 505 3956 post
524 3895 574 3938 rne
595 3886 681 3936 1111111
702 3885 786 3938 esset
809 3873 903 3938 Idem.
