2880 4956
325 443 372 516 58
677 461 847 512 tererem
874 463 967 512 cciv.
1106 462 1185 512 nv.
1203 467 1232 512 c.
1250 465 1299 527 ‚nc

324 582 559 669 pannumque
592 568 629 638 in
662 587 702 640 ce
714 623 725 665 ,
760 579 931 669 quantum
964 567 1120 665 poteris,
1152 566 1324 667 mitigato.

324 695 422 768 Haec
448 694 493 766 ad
518 703 553 765 te
579 691 635 765 dic
660 691 768 766 natali
803 706 883 766 men
912 693 1053 793 scripsi:
1088 709 1159 794 qun
1189 696 1324 768 utinam

325 833 507 922 susceptus
532 845 605 892 non
630 817 759 919 e'ssem,
784 834 845 892 eut
868 835 913 891 ne
939 817 1084 920 quidex
1104 819 1228 892 endem
1253 839 1327 894 ma·

324 963 377 1022 tre
413 962 537 1048 postea
574 961 696 1020 natum
732 945 843 1022 csseti
861 963 891 995 ²⁰
924 937 1028 1020 Plura
1061 945 1212 1020 seribere
1238 943 1324 1020 fletu

322 1073 521 1175 prohibeor.

775 1324 884 1398 CDV·
1045 1359 1102 1424 <ss
1118 1363 1167 1412 sii.
1186 1359 1234 1425 sn,
1254 1369 1300 1423 m>

324 1506 544 1584 Argumentum.
570 1522 579 1560 1
604 1501 650 1560 Dc
672 1499 790 1558 furiosis
804 1501 988 1578 Quintorum
1011 1503 1105 1584 patris
1125 1511 1155 1562 ct
1174 1497 1229 1560 filii
1252 1525 1325 1584 erge

363 1631 394 1669 se
414 1609 507 1680 odiis3
529 1629 547 1668 α
569 1607 605 1666 de
627 1610 678 1678 iis,
698 1621 775 1686 quse
796 1605 851 1666 sibi
873 1607 911 1666 de
933 1603 1077 1666 Africanis
1099 1605 1188 1668 rebus
1201 1619 1233 1668 et
1247 1607 1324 1670 Cse·

364 1720 437 1778 saris
459 1728 537 1778 statu
559 1718 694 1776 nientieta
716 1715 782 1773 sint.
805 1710 822 1772 3
844 1708 1017 1774 crebriores
1042 1711 1081 1773 sb
1103 1717 1201 1776 Attico
1222 1715 1324 1776 literas

143 1851 147 1859 ·
257 1891 259 1894 ,
361 1826 500 1908 exposcit.

459 2026 512 2081 Ser.
531 2025 656 2080 Brundisii
675 2029 706 2080 A.
726 2017 757 2080 V.
775 2021 804 2080 C.
823 2017 943 2094 Decitl,
963 2022 1010 2078 ΧΙΙ
1031 2025 1088 2078 nst.
1109 2025 1185 2080 Febr.

632 2235 777 2309 CICERO
802 2233 952 2308 ATTICO
978 2241 1008 2306 S.

372 2485 385 2534 1
409 2459 466 2535 Ad
483 2483 577 2537 meas
594 2447 815 2534 incredibiles
833 2457 1066 2558 aegritudines
1085 2453 1217 2560 nliqnid
1234 2459 1321 2533 novi

318 2587 455 2662 aceedit
480 2615 522 2662 ex
547 2583 589 2662 iis
596 2645 607 2686 ,
632 2613 722 2690 quae
749 2584 794 2659 dc
812 2585 855 2679 Q.
873 2575 945 2678 Q.'¹
965 2583 1011 2657 ed
1036 2611 1093 2657 me
1118 2583 1318 2660 afferuntur.

317 2713 357 2786 P.
383 2714 586 2812 Terentius,
610 2739 708 2786 meus
732 2711 964 2810 necessarius,
984 2736 1109 2811 operas
1134 2713 1172 2784 in
1196 2727 1322 2812 portu,

320 2849 358 2907 ct
373 2837 544 2936 scriptura
559 2839 661 2912 Asiae
678 2863 744 2936 pro
761 2838 928 2936 magistro
946 2835 1045 2909 dedit
1055 2852 1079 2909 ².
1097 2839 1132 2910 Is
1145 2835 1320 2930 Quintum

320 2955 431 3032 filium
454 2959 589 3061 Ephesi
614 2958 704 3035 vidit
719 2957 777 3036 VI
793 2961 843 3035 Id.
865 2961 1045 3062 Decemb„
1070 2989 1220 3064 eumque
1245 2977 1320 3038 stu-

321 3083 418 3159 diose
444 3101 591 3189 propter
616 3089 804 3163 amicitiam
829 3093 985 3162 nostrim
1002 3089 1180 3188 invitavit3
1198 3117 1321 3192 quum·

318 3237 386 3316 que
404 3239 506 3287 exeo
525 3213 569 3287 de
586 3242 642 3288 me
660 3229 881 3288 cunctaretur
893 3217 918 3316 ³,
936 3241 1016 3288 eum
1039 3215 1107 3288 sibi
1122 3219 1172 3288 ita
1190 3213 1319 3290 dixisse

316 3337 504 3438 narrabat,
532 3368 569 3416 se
599 3341 686 3416 mihi
710 3323 1108 3440 esse'inimieissimum3
1136 3341 1319 3418 volumen-

316 3463 419 3566 quet
443 3455 510 3540 sibl
535 3467 729 3543 ostendisse
754 3469 922 3544 orationis
934 3518 944 3565 ,
976 3493 1082 3569 quam
1108 3468 1204 3569 apud
1230 3471 1318 3546 Cne-

317 3613 431 3665 sarem
455 3605 662 3668 contremo
687 3607 778 3668 esset
802 3593 999 3691 habitmun
1023 3595 1133 3668 mults
1158 3621 1178 3667 s
1204 3621 1243 3668 se
1269 3595 1321 3668 di·

316 3727 374 3790 eta
400 3732 522 3792 contra
548 3722 622 3793 eius
648 3722 857 3817 amentiam3
885 3718 996 3793 multa
1021 3733 1144 3819 postea
1168 3721 1317 3794 Petris⁵

317 3843 489 3917 consimili
514 3843 644 3920 scelere
664 3857 782 3920 sec'n'rn
800 3839 972 3938 Quintum
988 3857 1123 3946 patrem
1141 3843 1315 3919 locutum:

317 3964 415 4039 cuius
440 3966 592 4046 furorem
618 3973 727 4046 exiis
753 3969 927 4073 epistolis,
954 3997 1040 4071 quas
1066 3969 1113 4046 ad
1139 3985 1174 4044 te
1199 3971 1278 4047 misi
1292 3975 1318 4070 ⁶,
