<?xml version="1.0" encoding="UTF-8"?>
<!DOCTYPE html PUBLIC "-//W3C//DTD XHTML 1.0 Transitional//EN"
    "http://www.w3.org/TR/xhtml1/DTD/xhtml1-transitional.dtd">
<html xmlns="http://www.w3.org/1999/xhtml" xml:lang="en" lang="en">
 <head>
  <title>
</title>
<meta http-equiv="Content-Type" content="text/html;charset=utf-8" />
  <meta name='ocr-system' content='tesseract 3.04.00' />
  <meta name='ocr-capabilities' content='ocr_page ocr_carea ocr_par ocr_line ocrx_word'/>
</head>
<body>
  <div class='ocr_page' id='page_1' title='image "./mtulliiciceroni66cicegoog/mtulliiciceroni66cicegoog_0133.png"; bbox 0 0 2900 4962; ppageno 0'>
   <div class='ocr_carea' id='block_1_1' title="bbox 299 443 1264 521">
    <p class='ocr_par' dir='ltr' id='par_1_1' title="bbox 299 443 1264 521">
     <span class='ocr_line' id='line_1_1' title="bbox 299 443 1264 521; baseline -0.009 -4"><span class='ocrx_word' id='word_1_1' title='bbox 299 443 367 518; x_wconf 72' lang='lat'><strong>126</strong></span> <span class='ocrx_word' id='word_1_2' title='bbox 632 458 802 512; x_wconf 68' lang='lat' dir='ltr'><strong>naissum</strong></span> <span class='ocrx_word' id='word_1_3' title='bbox 827 455 975 512; x_wconf 56' lang='lat' dir='ltr'><strong>euntis</strong></span> <span class='ocrx_word' id='word_1_4' title='bbox 1022 481 1025 494; x_wconf 86' lang='lat'>-</span> <span class='ocrx_word' id='word_1_5' title='bbox 1069 455 1194 508; x_wconf 63' lang='lat' dir='ltr'><strong>nm.</strong></span> <span class='ocrx_word' id='word_1_6' title='bbox 1212 459 1264 521; x_wconf 64' lang='lat' dir='ltr'><strong>‚as</strong></span> 
     </span>
    </p>
   </div>
   <div class='ocr_carea' id='block_1_2' title="bbox 703 685 1266 788">
    <p class='ocr_par' dir='ltr' id='par_1_2' title="bbox 703 685 1266 788">
     <span class='ocr_line' id='line_1_2' title="bbox 703 685 1266 788; baseline 0.02 -23"><span class='ocrx_word' id='word_1_7' title='bbox 703 685 889 766; x_wconf 77' lang='lat' dir='ltr'>anxx.</span> <span class='ocrx_word' id='word_1_8' title='bbox 1002 729 1057 788; x_wconf 77' lang='lat' dir='ltr'><strong>(tu</strong></span> <span class='ocrx_word' id='word_1_9' title='bbox 1072 727 1125 774; x_wconf 70' lang='lat' dir='ltr'><strong>nn.</strong></span> <span class='ocrx_word' id='word_1_10' title='bbox 1139 727 1203 786; x_wconf 87' lang='lat' dir='ltr'><strong>xv,</strong></span> <span class='ocrx_word' id='word_1_11' title='bbox 1218 729 1266 784; x_wconf 74' lang='grc' dir='ltr'><strong>ιι)</strong></span> 
     </span>
    </p>
   </div>
   <div class='ocr_carea' id='block_1_3' title="bbox 296 853 1294 1362">
    <p class='ocr_par' dir='ltr' id='par_1_3' title="bbox 296 853 1294 1362">
     <span class='ocr_line' id='line_1_3' title="bbox 296 853 1292 955; baseline -0.003 -22"><span class='ocrx_word' id='word_1_12' title='bbox 296 871 515 952; x_wconf 59' lang='lat' dir='ltr'><strong>Argumentum.</strong></span> <span class='ocrx_word' id='word_1_13' title='bbox 539 891 549 930; x_wconf 87' lang='grc' dir='ltr'><strong>ι</strong></span> <span class='ocrx_word' id='word_1_14' title='bbox 575 869 701 941; x_wconf 82' lang='lat' dir='ltr'>Scribit,</span> <span class='ocrx_word' id='word_1_15' title='bbox 714 891 745 931; x_wconf 85' lang='lat' dir='ltr'><strong>se</strong></span> <span class='ocrx_word' id='word_1_16' title='bbox 758 853 903 937; x_wconf 76' lang='lat' dir='ltr'><strong>Trebouli</strong></span> <span class='ocrx_word' id='word_1_17' title='bbox 925 862 1102 955; x_wconf 81' lang='lat' dir='ltr'><strong>epistolam,</strong></span> <span class='ocrx_word' id='word_1_18' title='bbox 1125 865 1157 932; x_wconf 84' lang='lat' dir='ltr'><strong>et</strong></span> <span class='ocrx_word' id='word_1_19' title='bbox 1179 867 1292 931; x_wconf 77' lang='lat' dir='ltr'><strong>librum</strong></span> 
     </span>
     <span class='ocr_line' id='line_1_4' title="bbox 337 969 1294 1058; baseline -0.004 -18"><span class='ocrx_word' id='word_1_20' title='bbox 337 979 377 1040; x_wconf 82' lang='lat' dir='ltr'><strong>ed</strong></span> <span class='ocrx_word' id='word_1_21' title='bbox 396 999 427 1039; x_wconf 82' lang='lat' dir='ltr'><strong>se</strong></span> <span class='ocrx_word' id='word_1_22' title='bbox 448 981 571 1037; x_wconf 79' lang='lat' dir='ltr'><strong>mimum</strong></span> <span class='ocrx_word' id='word_1_23' title='bbox 592 975 720 1038; x_wconf 81' lang='lat' dir='ltr'>libenter</span> <span class='ocrx_word' id='word_1_24' title='bbox 740 969 860 1058; x_wconf 74' lang='lat' dir='ltr'><strong>legisse,</strong></span> <span class='ocrx_word' id='word_1_25' title='bbox 880 989 969 1055; x_wconf 76' lang='lat' dir='ltr'><strong>segre</strong></span> <span class='ocrx_word' id='word_1_26' title='bbox 988 981 1089 1036; x_wconf 79' lang='lat' dir='ltr'><strong>lamen</strong></span> <span class='ocrx_word' id='word_1_27' title='bbox 1104 976 1168 1038; x_wconf 77' lang='lat' dir='ltr'><strong>eius</strong></span> <span class='ocrx_word' id='word_1_28' title='bbox 1182 976 1294 1038; x_wconf 80' lang='lat' dir='ltr'><strong>disses·</strong></span> 
     </span>
     <span class='ocr_line' id='line_1_5' title="bbox 337 1073 1290 1146; baseline -0.003 -1"><span class='ocrx_word' id='word_1_29' title='bbox 337 1106 405 1146; x_wconf 81' lang='lat' dir='ltr'><strong>sum</strong></span> <span class='ocrx_word' id='word_1_30' title='bbox 425 1083 510 1145; x_wconf 80' lang='lat' dir='ltr'><strong>leuse.</strong></span> <span class='ocrx_word' id='word_1_31' title='bbox 533 1105 550 1143; x_wconf 81' lang='lat' dir='ltr'><strong>a</strong></span> <span class='ocrx_word' id='word_1_32' title='bbox 570 1082 688 1144; x_wconf 86' lang='lat' dir='ltr'>Deinde</span> <span class='ocrx_word' id='word_1_33' title='bbox 708 1103 796 1144; x_wconf 87' lang='lat' dir='ltr'><strong>suum</strong></span> <span class='ocrx_word' id='word_1_34' title='bbox 817 1073 862 1142; x_wconf 83' lang='lat' dir='ltr'><strong>de’</strong></span> <span class='ocrx_word' id='word_1_35' title='bbox 876 1081 970 1141; x_wconf 82' lang='lat' dir='ltr'><strong>Calvo</strong></span> <span class='ocrx_word' id='word_1_36' title='bbox 999 1091 1119 1141; x_wconf 80' lang='lat' dir='ltr'><strong>oratore</strong></span> <span class='ocrx_word' id='word_1_37' title='bbox 1147 1082 1290 1143; x_wconf 88' lang='lat' dir='ltr'><strong>iudicium</strong></span> 
     </span>
     <span class='ocr_line' id='line_1_6' title="bbox 336 1180 1293 1274; baseline -0.005 -21"><span class='ocrx_word' id='word_1_38' title='bbox 336 1180 523 1263; x_wconf 43' lang='lat' dir='ltr'><strong>defendit&amp;</strong></span> <span class='ocrx_word' id='word_1_39' title='bbox 543 1211 690 1274; x_wconf 81' lang='lat' dir='ltr'><strong>suamque</strong></span> <span class='ocrx_word' id='word_1_40' title='bbox 716 1185 956 1250; x_wconf 71' lang='lat' dir='ltr'><strong>iu&#39;l&#39;sebonium</strong></span> <span class='ocrx_word' id='word_1_41' title='bbox 985 1183 1219 1248; x_wconf 82' lang='lat' dir='ltr'><strong>benivolentiam</strong></span> <span class='ocrx_word' id='word_1_42' title='bbox 1246 1199 1293 1248; x_wconf 89' lang='lat' dir='ltr'><strong>te·</strong></span> 
     </span>
     <span class='ocr_line' id='line_1_7' title="bbox 337 1297 492 1362; baseline -0.032 0"><span class='ocrx_word' id='word_1_43' title='bbox 337 1297 492 1362; x_wconf 73' lang='lat' dir='ltr'><strong>stificatur.</strong></span> 
     </span>
    </p>
   </div>
   <div class='ocr_carea' id='block_1_4' title="bbox 497 1499 1089 1586">
    <p class='ocr_par' dir='ltr' id='par_1_4' title="bbox 497 1499 1089 1586">
     <span class='ocr_line' id='line_1_8' title="bbox 497 1499 1089 1586; baseline -0.003 -32"><span class='ocrx_word' id='word_1_44' title='bbox 497 1503 552 1556; x_wconf 81' lang='lat' dir='ltr'><strong>Ser.</strong></span> <span class='ocrx_word' id='word_1_45' title='bbox 572 1503 665 1556; x_wconf 77' lang='lat' dir='ltr'><strong>Romae</strong></span> <span class='ocrx_word' id='word_1_46' title='bbox 682 1503 713 1554; x_wconf 77' lang='grc' dir='ltr'><strong>Δ.</strong></span> <span class='ocrx_word' id='word_1_47' title='bbox 731 1501 764 1553; x_wconf 77' lang='lat' dir='ltr'><strong>V.</strong></span> <span class='ocrx_word' id='word_1_48' title='bbox 782 1502 811 1553; x_wconf 82' lang='lat' dir='ltr'><strong>G.</strong></span> <span class='ocrx_word' id='word_1_49' title='bbox 831 1499 951 1586; x_wconf 63' lang='lat' dir='ltr'><strong>iiiicvl,</strong></span> <span class='ocrx_word' id='word_1_50' title='bbox 971 1499 1007 1554; x_wconf 83' lang='lat' dir='ltr'><strong>tt.</strong></span> <span class='ocrx_word' id='word_1_51' title='bbox 1027 1500 1089 1552; x_wconf 83' lang='lat' dir='ltr'><strong>Dee.</strong></span> 
     </span>
    </p>
   </div>
   <div class='ocr_carea' id='block_1_5' title="bbox 314 1721 1170 1810">
    <p class='ocr_par' dir='ltr' id='par_1_5' title="bbox 314 1721 1170 1810">
     <span class='ocr_line' id='line_1_9' title="bbox 314 1721 1170 1810; baseline -0.007 -18"><span class='ocrx_word' id='word_1_52' title='bbox 314 1795 317 1810; x_wconf 57' lang='grc'>,</span> <span class='ocrx_word' id='word_1_53' title='bbox 384 1803 385 1808; x_wconf 13' lang='lat'>¹</span> <span class='ocrx_word' id='word_1_54' title='bbox 460 1727 503 1792; x_wconf 86' lang='grc' dir='ltr'><strong>Μ.</strong></span> <span class='ocrx_word' id='word_1_55' title='bbox 529 1727 563 1790; x_wconf 88' lang='grc' dir='ltr'><strong>Τ.</strong></span> <span class='ocrx_word' id='word_1_56' title='bbox 589 1724 733 1790; x_wconf 84' lang='lat' dir='ltr'><strong>ClCEllO</strong></span> <span class='ocrx_word' id='word_1_57' title='bbox 760 1723 960 1789; x_wconf 83' lang='lat' dir='ltr'>TREBONIO</span> <span class='ocrx_word' id='word_1_58' title='bbox 986 1723 1015 1786; x_wconf 94' lang='lat' dir='ltr'><strong>S.</strong></span> <span class='ocrx_word' id='word_1_59' title='bbox 1039 1721 1072 1786; x_wconf 82' lang='lat' dir='ltr'><strong>P.</strong></span> <span class='ocrx_word' id='word_1_60' title='bbox 1096 1721 1170 1786; x_wconf 87' lang='lat' dir='ltr'><strong>D..</strong></span> 
     </span>
    </p>
   </div>
   <div class='ocr_carea' id='block_1_6' title="bbox 298 1905 1307 3686">
    <p class='ocr_par' dir='ltr' id='par_1_6' title="bbox 298 1905 1307 3686">
     <span class='ocr_line' id='line_1_10' title="bbox 321 1905 1291 2044; baseline -0.006 -28"><span class='ocrx_word' id='word_1_61' title='bbox 321 1915 324 1921; x_wconf 28' lang='grc' dir='ltr'>Ι</span> <span class='ocrx_word' id='word_1_62' title='bbox 354 1971 366 2016; x_wconf 89' lang='grc' dir='ltr'><strong>ι</strong></span> <span class='ocrx_word' id='word_1_63' title='bbox 396 1945 447 2017; x_wconf 88' lang='lat' dir='ltr'><strong>Et</strong></span> <span class='ocrx_word' id='word_1_64' title='bbox 470 1936 653 2044; x_wconf 89' lang='lat' dir='ltr'><strong>epistolam</strong></span> <span class='ocrx_word' id='word_1_65' title='bbox 677 1955 776 2014; x_wconf 86' lang='lat' dir='ltr'><strong>tuam</strong></span> <span class='ocrx_word' id='word_1_66' title='bbox 798 1933 868 2040; x_wconf 83' lang='lat' dir='ltr'><strong>legi</strong></span> <span class='ocrx_word' id='word_1_67' title='bbox 890 1937 1056 2038; x_wconf 78' lang='lat' dir='ltr'><strong>libenter,</strong></span> <span class='ocrx_word' id='word_1_68' title='bbox 1072 1905 1109 2011; x_wconf 69' lang='lat' dir='ltr'><strong>el</strong></span> <span class='ocrx_word' id='word_1_69' title='bbox 1132 1915 1261 2011; x_wconf 77' lang='lat' dir='ltr'><strong>libium</strong></span> <span class='ocrx_word' id='word_1_70' title='bbox 1280 1953 1291 1988; x_wconf 88' lang='lat'>¹</span> 
     </span>
     <span class='ocr_line' id='line_1_11' title="bbox 298 2062 1296 2164; baseline -0.002 -23"><span class='ocrx_word' id='word_1_71' title='bbox 298 2065 541 2142; x_wconf 77' lang='lat' dir='ltr'><strong>libentissime:</strong></span> <span class='ocrx_word' id='word_1_72' title='bbox 566 2067 630 2141; x_wconf 86' lang='lat' dir='ltr'><strong>sed</strong></span> <span class='ocrx_word' id='word_1_73' title='bbox 655 2069 833 2140; x_wconf 86' lang='lat' dir='ltr'><strong>tamenin</strong></span> <span class='ocrx_word' id='word_1_74' title='bbox 857 2090 899 2139; x_wconf 85' lang='lat' dir='ltr'><strong>eu</strong></span> <span class='ocrx_word' id='word_1_75' title='bbox 924 2063 1106 2164; x_wconf 86' lang='lat' dir='ltr'><strong>voluptate</strong></span> <span class='ocrx_word' id='word_1_76' title='bbox 1131 2062 1225 2137; x_wconf 88' lang='lat' dir='ltr'><strong>hune</strong></span> <span class='ocrx_word' id='word_1_77' title='bbox 1242 2088 1296 2139; x_wconf 87' lang='lat' dir='ltr'><strong>ae·</strong></span> 
     </span>
     <span class='ocr_line' id='line_1_12' title="bbox 300 2187 1297 2296; baseline -0.003 -30"><span class='ocrx_word' id='word_1_78' title='bbox 300 2195 379 2293; x_wconf 86' lang='lat' dir='ltr'><strong>cepi</strong></span> <span class='ocrx_word' id='word_1_79' title='bbox 404 2191 578 2292; x_wconf 90' lang='lat' dir='ltr'><strong>dolorem,</strong></span> <span class='ocrx_word' id='word_1_80' title='bbox 603 2192 721 2296; x_wconf 90' lang='lat' dir='ltr'><strong>quod,</strong></span> <span class='ocrx_word' id='word_1_81' title='bbox 753 2217 862 2295; x_wconf 86' lang='lat' dir='ltr'><strong>quum</strong></span> <span class='ocrx_word' id='word_1_82' title='bbox 888 2189 1101 2263; x_wconf 77' lang='lat' dir='ltr'>incendisses</span> <span class='ocrx_word' id='word_1_83' title='bbox 1126 2187 1297 2290; x_wconf 88' lang='lat' dir='ltr'><strong>cupidita·</strong></span> 
     </span>
     <span class='ocr_line' id='line_1_13' title="bbox 302 2315 1296 2416; baseline -0.009 -19"><span class='ocrx_word' id='word_1_84' title='bbox 302 2335 374 2397; x_wconf 73' lang='lat' dir='ltr'><strong>tem</strong></span> <span class='ocrx_word' id='word_1_85' title='bbox 398 2345 513 2397; x_wconf 81' lang='lat' dir='ltr'><strong>meam</strong></span> <span class='ocrx_word' id='word_1_86' title='bbox 538 2319 804 2404; x_wconf 69' lang='lat' dir='ltr'><strong>consuetudinis</strong></span> <span class='ocrx_word' id='word_1_87' title='bbox 824 2315 1005 2416; x_wconf 76' lang='lat' dir='ltr'><strong>augendae</strong></span> <span class='ocrx_word' id='word_1_88' title='bbox 1030 2329 1171 2390; x_wconf 88' lang='lat' dir='ltr'><strong>nostrae</strong></span> <span class='ocrx_word' id='word_1_89' title='bbox 1195 2324 1296 2404; x_wconf 86' lang='lat' dir='ltr'><strong>(nam</strong></span> 
     </span>
     <span class='ocr_line' id='line_1_14' title="bbox 300 2441 1297 2552; baseline -0.007 -30"><span class='ocrx_word' id='word_1_90' title='bbox 300 2448 348 2522; x_wconf 85' lang='lat' dir='ltr'><strong>nd</strong></span> <span class='ocrx_word' id='word_1_91' title='bbox 373 2473 530 2522; x_wconf 83' lang='lat' dir='ltr'><strong>amorem</strong></span> <span class='ocrx_word' id='word_1_92' title='bbox 555 2447 696 2552; x_wconf 89' lang='lat' dir='ltr'><strong>quidem</strong></span> <span class='ocrx_word' id='word_1_93' title='bbox 713 2444 808 2551; x_wconf 86' lang='lat' dir='ltr'><strong>¹nihil</strong></span> <span class='ocrx_word' id='word_1_94' title='bbox 832 2457 973 2546; x_wconf 82' lang='lat' dir='ltr'><strong>poterat</strong></span> <span class='ocrx_word' id='word_1_95' title='bbox 988 2441 1198 2542; x_wconf 50' lang='lat' dir='ltr'><strong>,accederet</strong></span> <span class='ocrx_word' id='word_1_96' title='bbox 1221 2455 1297 2515; x_wconf 83' lang='lat' dir='ltr'><strong>tum</strong></span> 
     </span>
     <span class='ocr_line' id='line_1_15' title="bbox 302 2554 1300 2675; baseline -0.004 -27"><span class='ocrx_word' id='word_1_97' title='bbox 302 2573 451 2648; x_wconf 77' lang='lat' dir='ltr'><strong>discedis</strong></span> <span class='ocrx_word' id='word_1_98' title='bbox 478 2602 498 2649; x_wconf 85' lang='lat' dir='ltr'><strong>a</strong></span> <span class='ocrx_word' id='word_1_99' title='bbox 521 2575 625 2649; x_wconf 87' lang='lat' dir='ltr'><strong>nobis</strong></span> <span class='ocrx_word' id='word_1_100' title='bbox 641 2591 668 2674; x_wconf 85' lang='lat'><strong>²,</strong></span> <span class='ocrx_word' id='word_1_101' title='bbox 694 2598 819 2675; x_wconf 86' lang='lat' dir='ltr'><strong>meque</strong></span> <span class='ocrx_word' id='word_1_102' title='bbox 845 2554 945 2648; x_wconf 82' lang='lat' dir='ltr'><strong>tanto</strong></span> <span class='ocrx_word' id='word_1_103' title='bbox 971 2569 1143 2647; x_wconf 85' lang='lat' dir='ltr'><strong>desiderio</strong></span> <span class='ocrx_word' id='word_1_104' title='bbox 1168 2568 1300 2669; x_wconf 75' lang='lat' dir='ltr'><strong>afficis,</strong></span> 
     </span>
     <span class='ocr_line' id='line_1_16' title="bbox 300 2695 1299 2798; baseline -0.003 -27"><span class='ocrx_word' id='word_1_105' title='bbox 300 2713 341 2772; x_wconf 91' lang='lat' dir='ltr'><strong>ut</strong></span> <span class='ocrx_word' id='word_1_106' title='bbox 364 2725 472 2773; x_wconf 87' lang='lat' dir='ltr'><strong>unam</strong></span> <span class='ocrx_word' id='word_1_107' title='bbox 495 2701 581 2773; x_wconf 89' lang='lat' dir='ltr'><strong>mihi</strong></span> <span class='ocrx_word' id='word_1_108' title='bbox 607 2699 884 2780; x_wconf 74' lang='lat' dir='ltr'><strong>consolationem</strong></span> <span class='ocrx_word' id='word_1_109' title='bbox 908 2696 1105 2798; x_wconf 80' lang='lat' dir='ltr'><strong>relinquas,</strong></span> <span class='ocrx_word' id='word_1_110' title='bbox 1135 2695 1233 2794; x_wconf 86' lang='lat' dir='ltr'><strong>fore,</strong></span> <span class='ocrx_word' id='word_1_111' title='bbox 1258 2709 1299 2768; x_wconf 91' lang='lat' dir='ltr'><strong>ut</strong></span> 
     </span>
     <span class='ocr_line' id='line_1_17' title="bbox 300 2821 1300 2924; baseline -0.001 -29"><span class='ocrx_word' id='word_1_112' title='bbox 300 2823 481 2924; x_wconf 85' lang='lat' dir='ltr'><strong>utriusque</strong></span> <span class='ocrx_word' id='word_1_113' title='bbox 504 2837 663 2897; x_wconf 79' lang='lat' dir='ltr'><strong>nostrum</strong></span> <span class='ocrx_word' id='word_1_114' title='bbox 689 2823 842 2896; x_wconf 75' lang='lat' dir='ltr'><strong>abseratis</strong></span> <span class='ocrx_word' id='word_1_115' title='bbox 868 2822 1079 2896; x_wconf 82' lang='lat' dir='ltr'><strong>desidetinm</strong></span> <span class='ocrx_word' id='word_1_116' title='bbox 1109 2821 1240 2896; x_wconf 69' lang='lat' dir='ltr'><strong>enebris</strong></span> <span class='ocrx_word' id='word_1_117' title='bbox 1263 2833 1300 2894; x_wconf 87' lang='lat' dir='ltr'><strong>et</strong></span> 
     </span>
     <span class='ocr_line' id='line_1_18' title="bbox 300 2945 1300 3049; baseline -0.001 -29"><span class='ocrx_word' id='word_1_118' title='bbox 300 2945 414 3046; x_wconf 84' lang='lat' dir='ltr'><strong>longis</strong></span> <span class='ocrx_word' id='word_1_119' title='bbox 439 2947 595 3049; x_wconf 89' lang='lat' dir='ltr'><strong>epistolis</strong></span> <span class='ocrx_word' id='word_1_120' title='bbox 619 2947 778 3023; x_wconf 84' lang='lat' dir='ltr'><strong>leniatur.</strong></span> <span class='ocrx_word' id='word_1_121' title='bbox 805 2947 914 3043; x_wconf 88' lang='lat' dir='ltr'><strong>Quod</strong></span> <span class='ocrx_word' id='word_1_122' title='bbox 939 2975 1004 3046; x_wconf 82' lang='lat' dir='ltr'><strong>ego</strong></span> <span class='ocrx_word' id='word_1_123' title='bbox 1030 2973 1103 3022; x_wconf 91' lang='lat' dir='ltr'><strong>non</strong></span> <span class='ocrx_word' id='word_1_124' title='bbox 1128 2945 1237 3022; x_wconf 89' lang='lat' dir='ltr'><strong>modo</strong></span> <span class='ocrx_word' id='word_1_125' title='bbox 1256 2946 1300 3021; x_wconf 91' lang='lat' dir='ltr'><strong>de</strong></span> 
     </span>
     <span class='ocr_line' id='line_1_19' title="bbox 301 3055 1300 3176; baseline -0.004 -28"><span class='ocrx_word' id='word_1_126' title='bbox 301 3099 359 3148; x_wconf 90' lang='lat' dir='ltr'><strong>me</strong></span> <span class='ocrx_word' id='word_1_127' title='bbox 384 3055 450 3148; x_wconf 89' lang='lat' dir='ltr'><strong>tibi</strong></span> <span class='ocrx_word' id='word_1_128' title='bbox 473 3073 648 3175; x_wconf 87' lang='lat' dir='ltr'><strong>spondere</strong></span> <span class='ocrx_word' id='word_1_129' title='bbox 672 3101 836 3176; x_wconf 89' lang='lat' dir='ltr'><strong>possum,</strong></span> <span class='ocrx_word' id='word_1_130' title='bbox 852 3074 915 3149; x_wconf 82' lang='lat' dir='ltr'><strong>sed</strong></span> <span class='ocrx_word' id='word_1_131' title='bbox 936 3073 980 3147; x_wconf 90' lang='lat' dir='ltr'><strong>de</strong></span> <span class='ocrx_word' id='word_1_132' title='bbox 1006 3087 1041 3146; x_wconf 91' lang='lat' dir='ltr'><strong>te</strong></span> <span class='ocrx_word' id='word_1_133' title='bbox 1066 3071 1172 3146; x_wconf 87' lang='lat' dir='ltr'><strong>etiam</strong></span> <span class='ocrx_word' id='word_1_134' title='bbox 1198 3072 1300 3146; x_wconf 89' lang='lat' dir='ltr'><strong>mihi:</strong></span> 
     </span>
     <span class='ocr_line' id='line_1_20' title="bbox 302 3199 1303 3304; baseline 0.002 -32"><span class='ocrx_word' id='word_1_135' title='bbox 302 3199 435 3275; x_wconf 85' lang='lat' dir='ltr'><strong>nullam</strong></span> <span class='ocrx_word' id='word_1_136' title='bbox 468 3203 563 3274; x_wconf 75' lang='lat' dir='ltr'><strong>enixu</strong></span> <span class='ocrx_word' id='word_1_137' title='bbox 598 3201 695 3304; x_wconf 83' lang='lat' dir='ltr'><strong>apud</strong></span> <span class='ocrx_word' id='word_1_138' title='bbox 729 3228 789 3276; x_wconf 86' lang='lat' dir='ltr'><strong>me</strong></span> <span class='ocrx_word' id='word_1_139' title='bbox 823 3201 993 3304; x_wconf 71' lang='lat' dir='ltr'><strong>reliquisti</strong></span> <span class='ocrx_word' id='word_1_140' title='bbox 1023 3199 1303 3298; x_wconf 71' lang='lat' dir='ltr'><strong>dubitationem,</strong></span> 
     </span>
     <span class='ocr_line' id='line_1_21' title="bbox 303 3326 1307 3429; baseline 0.001 -30"><span class='ocrx_word' id='word_1_141' title='bbox 303 3341 474 3429; x_wconf 89' lang='lat' dir='ltr'><strong>quantum</strong></span> <span class='ocrx_word' id='word_1_142' title='bbox 498 3354 554 3402; x_wconf 86' lang='lat' dir='ltr'><strong>me</strong></span> <span class='ocrx_word' id='word_1_143' title='bbox 579 3353 721 3404; x_wconf 88' lang='lat' dir='ltr'><strong>amares.</strong></span> <span class='ocrx_word' id='word_1_144' title='bbox 740 3328 845 3428; x_wconf 89' lang='lat' dir='ltr'><strong>Nam,</strong></span> <span class='ocrx_word' id='word_1_145' title='bbox 869 3326 991 3401; x_wconf 76' lang='lat' dir='ltr'><strong>utillo</strong></span> <span class='ocrx_word' id='word_1_146' title='bbox 1016 3328 1195 3426; x_wconf 85' lang='lat' dir='ltr'><strong>omittam,</strong></span> <span class='ocrx_word' id='word_1_147' title='bbox 1211 3351 1307 3429; x_wconf 82' lang='lat' dir='ltr'><strong>quae</strong></span> 
     </span>
     <span class='ocr_line' id='line_1_22' title="bbox 303 3452 1303 3558; baseline 0 -32"><span class='ocrx_word' id='word_1_148' title='bbox 303 3453 444 3528; x_wconf 84' lang='lat' dir='ltr'><strong>civitate</strong></span> <span class='ocrx_word' id='word_1_149' title='bbox 462 3467 550 3529; x_wconf 89' lang='lat' dir='ltr'><strong>teste</strong></span> <span class='ocrx_word' id='word_1_150' title='bbox 566 3457 693 3558; x_wconf 73' lang='lat' dir='ltr'><strong>fecisti,</strong></span> <span class='ocrx_word' id='word_1_151' title='bbox 710 3479 818 3558; x_wconf 90' lang='lat' dir='ltr'><strong>quum</strong></span> <span class='ocrx_word' id='word_1_152' title='bbox 835 3479 973 3528; x_wconf 85' lang='lat' dir='ltr'><strong>meeum</strong></span> <span class='ocrx_word' id='word_1_153' title='bbox 990 3452 1194 3527; x_wconf 82' lang='lat' dir='ltr'><strong>iuimicitias</strong></span> <span class='ocrx_word' id='word_1_154' title='bbox 1209 3477 1303 3527; x_wconf 89' lang='lat' dir='ltr'><strong>com·</strong></span> 
     </span>
     <span class='ocr_line' id='line_1_23' title="bbox 301 3575 1303 3686; baseline 0 -34"><span class='ocrx_word' id='word_1_155' title='bbox 301 3582 486 3658; x_wconf 86' lang='lat' dir='ltr'><strong>municasti</strong></span> <span class='ocrx_word' id='word_1_156' title='bbox 500 3585 526 3685; x_wconf 82' lang='lat'><strong>³,</strong></span> <span class='ocrx_word' id='word_1_157' title='bbox 550 3611 659 3686; x_wconf 91' lang='lat' dir='ltr'><strong>quum</strong></span> <span class='ocrx_word' id='word_1_158' title='bbox 683 3609 740 3655; x_wconf 89' lang='lat' dir='ltr'><strong>me</strong></span> <span class='ocrx_word' id='word_1_159' title='bbox 766 3577 995 3655; x_wconf 85' lang='lat' dir='ltr'><strong>concionibus</strong></span> <span class='ocrx_word' id='word_1_160' title='bbox 1013 3579 1082 3655; x_wconf 91' lang='lat' dir='ltr'><strong>tuis</strong></span> <span class='ocrx_word' id='word_1_161' title='bbox 1099 3575 1303 3676; x_wconf 82' lang='lat' dir='ltr'><strong>defendisti,</strong></span> 
     </span>
    </p>
   </div>
   <div class='ocr_carea' id='block_1_7' title="bbox 203 3699 1303 4064">
    <p class='ocr_par' dir='ltr' id='par_1_7' title="bbox 203 3699 1303 4064">
     <span class='ocr_line' id='line_1_24' title="bbox 302 3699 1303 3820; baseline 0.001 -41"><span class='ocrx_word' id='word_1_162' title='bbox 302 3733 410 3805; x_wconf 84' lang='lat' dir='ltr'><strong>quum</strong></span> <span class='ocrx_word' id='word_1_163' title='bbox 435 3725 600 3813; x_wconf 85' lang='lat' dir='ltr'><strong>quaestor</strong></span> <span class='ocrx_word' id='word_1_164' title='bbox 625 3711 660 3784; x_wconf 88' lang='lat' dir='ltr'><strong>in</strong></span> <span class='ocrx_word' id='word_1_165' title='bbox 687 3735 786 3808; x_wconf 89' lang='lat' dir='ltr'><strong>mea,</strong></span> <span class='ocrx_word' id='word_1_166' title='bbox 820 3722 924 3810; x_wconf 88' lang='lat' dir='ltr'><strong>atque</strong></span> <span class='ocrx_word' id='word_1_167' title='bbox 956 3711 993 3782; x_wconf 87' lang='lat' dir='ltr'><strong>in</strong></span> <span class='ocrx_word' id='word_1_168' title='bbox 1020 3703 1169 3820; x_wconf 28' lang='lat' dir='ltr'><strong>,pub-lica</strong></span> <span class='ocrx_word' id='word_1_169' title='bbox 1197 3699 1303 3780; x_wconf 82' lang='lat' dir='ltr'><strong>eausa</strong></span> 
     </span>
     <span class='ocr_line' id='line_1_25' title="bbox 203 3830 1302 3936; baseline 0 -32"><span class='ocrx_word' id='word_1_170' title='bbox 203 3881 205 3886; x_wconf 67' lang='lat'><strong>,</strong></span> <span class='ocrx_word' id='word_1_171' title='bbox 303 3833 484 3909; x_wconf 87' lang='lat' dir='ltr'><strong>consulum</strong></span> <span class='ocrx_word' id='word_1_172' title='bbox 511 3853 627 3936; x_wconf 79' lang='lat' dir='ltr'><strong>partes</strong></span> <span class='ocrx_word' id='word_1_173' title='bbox 652 3834 834 3936; x_wconf 87' lang='lat' dir='ltr'><strong>suscepisti</strong></span> <span class='ocrx_word' id='word_1_174' title='bbox 846 3833 873 3930; x_wconf 79' lang='lat' dir='ltr'><strong>l,</strong></span> <span class='ocrx_word' id='word_1_175' title='bbox 892 3861 1000 3936; x_wconf 90' lang='lat' dir='ltr'><strong>quum·</strong></span> <span class='ocrx_word' id='word_1_176' title='bbox 1025 3830 1302 3932; x_wconf 84' lang='lat' dir='ltr'><strong>tribunoplebis</strong></span> 
     </span>
     <span class='ocr_line' id='line_1_26' title="bbox 303 3953 1302 4064; baseline 0 -37"><span class='ocrx_word' id='word_1_177' title='bbox 303 3974 467 4057; x_wconf 84' lang='lat' dir='ltr'><strong>quaestor</strong></span> <span class='ocrx_word' id='word_1_178' title='bbox 491 3987 563 4038; x_wconf 88' lang='lat' dir='ltr'><strong>non</strong></span> <span class='ocrx_word' id='word_1_179' title='bbox 589 3965 733 4064; x_wconf 84' lang='lat' dir='ltr'><strong>paruisti</strong></span> <span class='ocrx_word' id='word_1_180' title='bbox 751 3965 777 4056; x_wconf 83' lang='lat'><strong>⁵,</strong></span> <span class='ocrx_word' id='word_1_181' title='bbox 803 3961 858 4034; x_wconf 92' lang='lat' dir='ltr'><strong>cui</strong></span> <span class='ocrx_word' id='word_1_182' title='bbox 885 3975 964 4033; x_wconf 85' lang='lat' dir='ltr'><strong>tuus</strong></span> <span class='ocrx_word' id='word_1_183' title='bbox 997 3957 1203 4060; x_wconf 84' lang='lat' dir='ltr'><strong>praesertim</strong></span> <span class='ocrx_word' id='word_1_184' title='bbox 1230 3953 1302 4030; x_wconf 91' lang='lat' dir='ltr'><strong>col-</strong></span> 
     </span>
    </p>
   </div>
   <div class='ocr_carea' id='block_1_8' title="bbox 0 0 1465 4962">
    <p class='ocr_par' dir='ltr' id='par_1_8' title="bbox 0 0 1465 4962">
     <span class='ocr_line' id='line_1_27' title="bbox 0 0 1465 4962; baseline 0 0"><span class='ocrx_word' id='word_1_185' title='bbox 0 0 1465 4962; x_wconf 95' lang='lat' dir='ltr'><strong> </strong></span> 
     </span>
    </p>
   </div>
  </div>
 </body>
</html>
