2910 4954
353 425 426 530 364
678 457 852 512 errarem
874 457 1028 512 cnxcvrr.
1128 461 1160 510 s.
1178 462 1214 510 v.
1230 461 1260 508 c.
1277 473 1325 524 m

620 687 676 742 Ser.
693 688 790 743 lonae
807 689 887 744 Η.
904 689 935 744 C.
952 687 1082 744 uccvn.

678 879 823 947 CICERO
839 875 983 946 SERVIO
1000 879 1031 944 S.

400 1059 476 1144 Nec
506 1066 838 1144 Lacedaemonios¹
872 1063 1034 1142 dubitare
1064 1063 1233 1167 arbitror,
1263 1065 1347 1172 quin

349 1193 419 1297 ipsi
450 1222 513 1272 sua
525 1253 537 1296 ,
572 1197 815 1298 maiorumque
846 1220 991 1270 suonam
1022 1197 1231 1270 auctoritate
1266 1196 1348 1268 satis

349 1322 588 1397 commendati
619 1324 692 1398 siut
723 1321 807 1396 fidei
838 1335 876 1396 et
898 1322 1051 1398 iustitiae
1075 1335 1177 1398 tuae:
1201 1336 1239 1395 et
1262 1347 1347 1420 ego,

350 1450 411 1549 qui
435 1461 471 1521 te
495 1451 630 1550 optime
654 1451 849 1547 novissem,
872 1473 946 1524 nou
971 1447 1146 1547 dubitari,
1173 1449 1260 1550 quin
1284 1447 1346 1520 tibi

347 1575 530 1648 notissima
564 1588 601 1649 et
632 1577 708 1649 iura
745 1589 782 1649 et
816 1577 940 1649 merita
976 1573 1190 1677 populorum
1221 1589 1345 1648 meent.

348 1695 473 1802 Itaque
497 1723 605 1804 quum
632 1729 652 1776 a
678 1728 734 1776 me
759 1716 896 1804 peteret
913 1700 1098 1803 Philippus
1113 1699 1347 1776 Lacedaemo·

348 1825 445 1927 nius,
470 1843 510 1902 ut
533 1825 598 1903 tibi
623 1827 801 1903 civitatem
826 1827 1127 1928 commendarem5
1142 1827 1210 1901 etsi
1226 1825 1347 1902 memi-

347 1977 492 2056 neram,
522 1982 579 2030 me
609 1957 641 2028 ei
666 1956 800 2030 civitati
826 1957 944 2030 omnia
971 1954 1115 2054 debere3
1147 1967 1267 2036 tamen
1293 1977 1346 2028 re·

347 2080 501 2180 spondi,
534 2081 840 2156 commendatione
868 2081 1167 2156 Lacedaemonios
1192 2079 1291 2183 apud
1313 2095 1345 2154 te

347 2225 421 2278 non
445 2229 555 2306 egere.
581 2209 705 2311 Itaque
730 2210 781 2282 sic
805 2207 912 2282 velim
935 2210 1127 2308 existimes,
1150 2235 1208 2282 me
1226 2233 1344 2282 omnes

345 2333 499 2409 Achaiae
524 2337 684 2411 civitates
710 2329 871 2412 arbitrari
896 2335 1114 2438 proborum
1146 2351 1343 2438 temporum

345 2461 611 2564 perturbatione
637 2463 754 2538 felices
766 2519 777 2564 ‚
809 2463 905 2566 quod
930 2463 985 2538 hie
1010 2475 1049 2536 tu
1074 2465 1224 2564 praesis3
1251 2489 1343 2536 eum-

346 2588 496 2694 demque
520 2617 578 2665 me
602 2592 652 2664 ita
678 2589 854 2690 iudicare,
887 2603 940 2690 te⁷
971 2589 1069 2692 quod
1096 2615 1187 2664 uuus
1212 2591 1342 2692 optime

344 2737 466 2790 nosses
497 2741 572 2790 non
603 2729 757 2791 uostra²
786 2715 917 2815 solum,
949 2714 1013 2790 sed
1045 2716 1150 2790 etiam
1176 2717 1341 2792 Graeciae
1434 2747 1435 2752 ¹

344 2856 574 2915 monumenta
600 2843 738 2943 omnia,
762 2857 821 2916 tua
847 2855 975 2944 sponte
999 2845 1151 2918 amicum
1167 2845 1341 2920 Lacedae·

254 3049 259 3062 ,
343 2965 471 3038 moniis
495 2979 532 3040 et
556 2993 632 3041 esse
665 2982 700 3042 et
734 2969 818 3043 sore.
843 2971 961 3062 Quare
986 2983 1125 3044 tautum
1150 2995 1170 3044 a
1197 2985 1235 3046 te
1252 2985 1340 3074 peto,

344 3102 401 3190 ut,
426 3118 535 3194 quum
558 3117 601 3167 eu
618 3093 725 3168 socies
741 3095 1101 3170 Lacedaemoniorum
1118 3123 1240 3198 causa,
1256 3121 1339 3200 quae

343 3231 405 3292 tua
437 3219 543 3319 fides,
575 3220 794 3321 amplitudo,
827 3223 957 3296 iustitia
983 3221 1157 3322 postulat3
1191 3222 1248 3298 his
1265 3225 1290 3320 ³,
1312 3223 1337 3294 si

343 3343 408 3416 tihi
433 3344 630 3446 videbitur,
663 3347 853 3447 significes,
886 3362 922 3421 te
953 3373 1026 3422 non
1060 3348 1207 3424 moleste
1231 3349 1337 3444 ferre,

342 3471 440 3574 quod
463 3473 654 3574 intelligas,
679 3500 719 3548 ea
737 3501 827 3577 quae
844 3471 967 3574 facias,
983 3473 1070 3548 mihi
1087 3501 1229 3578 quoque
1245 3487 1335 3576 grata

341 3621 425 3672 esse.
450 3599 608 3674 Pertinet
633 3601 728 3674 enim
753 3600 799 3674 ad
824 3599 979 3674 officium
1004 3627 1120 3676 meum
1132 3656 1143 3701 ‚
1175 3627 1238 3678 eos
1267 3599 1336 3673 exi·

341 3723 502 3826 semare,
528 3752 631 3800 curae
656 3724 744 3800 mihi
769 3750 849 3798 suas
874 3751 928 3798 res
953 3752 1037 3801 esse.
1069 3727 1148 3801 Hoc
1174 3741 1210 3801 te
1235 3725 1336 3804 vehe-

341 3865 477 3925 menter
500 3855 605 3928 etiom
632 3867 737 3958 atque
761 3853 867 3926 etiam
891 3878 987 3950 rogo.
1105 3841 1108 3846 ⁵
