<?xml version="1.0" encoding="UTF-8"?>
<!DOCTYPE html PUBLIC "-//W3C//DTD XHTML 1.0 Transitional//EN"
    "http://www.w3.org/TR/xhtml1/DTD/xhtml1-transitional.dtd">
<html xmlns="http://www.w3.org/1999/xhtml" xml:lang="en" lang="en">
 <head>
  <title>
</title>
<meta http-equiv="Content-Type" content="text/html;charset=utf-8" />
  <meta name='ocr-system' content='tesseract 3.04.00' />
  <meta name='ocr-capabilities' content='ocr_page ocr_carea ocr_par ocr_line ocrx_word'/>
</head>
<body>
  <div class='ocr_page' id='page_1' title='image "./mtulliiciceroni66cicegoog/mtulliiciceroni66cicegoog_0171.png"; bbox 0 0 2900 4962; ppageno 0'>
   <div class='ocr_carea' id='block_1_1' title="bbox 321 409 1288 502">
    <p class='ocr_par' dir='ltr' id='par_1_1' title="bbox 321 409 1288 502">
     <span class='ocr_line' id='line_1_1' title="bbox 321 409 1288 502; baseline -0.003 -12"><span class='ocrx_word' id='word_1_1' title='bbox 321 409 395 500; x_wconf 68' lang='lat'><strong>166¹</strong></span> <span class='ocrx_word' id='word_1_2' title='bbox 670 437 842 488; x_wconf 73' lang='lat' dir='ltr'><strong>missum</strong></span> <span class='ocrx_word' id='word_1_3' title='bbox 867 439 966 488; x_wconf 83' lang='lat' dir='ltr'><strong>cnxu.</strong></span> <span class='ocrx_word' id='word_1_4' title='bbox 1098 437 1130 490; x_wconf 63' lang='grc' dir='ltr'>ι</span> <span class='ocrx_word' id='word_1_5' title='bbox 1144 441 1179 487; x_wconf 84' lang='grc' dir='ltr'><strong>ιι.</strong></span> <span class='ocrx_word' id='word_1_6' title='bbox 1196 441 1225 490; x_wconf 90' lang='lat' dir='ltr'><strong>c.</strong></span> <span class='ocrx_word' id='word_1_7' title='bbox 1242 454 1288 502; x_wconf 75' lang='lat' dir='ltr'><strong>iu</strong></span> 
     </span>
    </p>
   </div>
   <div class='ocr_carea' id='block_1_2' title="bbox 368 537 1315 640">
    <p class='ocr_par' dir='ltr' id='par_1_2' title="bbox 368 537 1315 640">
     <span class='ocr_line' id='line_1_2' title="bbox 368 537 1315 640; baseline -0.01 -15"><span class='ocrx_word' id='word_1_8' title='bbox 368 553 390 627; x_wconf 84' lang='lat'>3</span> <span class='ocrx_word' id='word_1_9' title='bbox 416 547 535 624; x_wconf 80' lang='lat' dir='ltr'><strong>Habes</strong></span> <span class='ocrx_word' id='word_1_10' title='bbox 560 547 732 621; x_wconf 82' lang='lat' dir='ltr'><strong>mtionem</strong></span> <span class='ocrx_word' id='word_1_11' title='bbox 751 543 825 616; x_wconf 78' lang='lat' dir='ltr'><strong>unci</strong></span> <span class='ocrx_word' id='word_1_12' title='bbox 849 540 996 616; x_wconf 84' lang='lat' dir='ltr'><strong>consilii.</strong></span> <span class='ocrx_word' id='word_1_13' title='bbox 1012 537 1097 614; x_wconf 83' lang='lat' dir='ltr'>Tibi</span> <span class='ocrx_word' id='word_1_14' title='bbox 1120 541 1227 640; x_wconf 81' lang='lat' dir='ltr'><strong>igitur</strong></span> <span class='ocrx_word' id='word_1_15' title='bbox 1246 541 1315 616; x_wconf 89' lang='lat' dir='ltr'><strong>hoc</strong></span> 
     </span>
    </p>
   </div>
   <div class='ocr_carea' id='block_1_3' title="bbox 319 668 1317 773">
    <p class='ocr_par' dir='ltr' id='par_1_3' title="bbox 319 668 1431 773">
     <span class='ocr_line' id='line_1_3' title="bbox 319 668 1317 773; baseline -0.011 -19"><span class='ocrx_word' id='word_1_16' title='bbox 319 703 461 754; x_wconf 88' lang='lat' dir='ltr'><strong>censeo:</strong></span> <span class='ocrx_word' id='word_1_17' title='bbox 485 673 668 750; x_wconf 81' lang='lat' dir='ltr'><strong>latendum</strong></span> <span class='ocrx_word' id='word_1_18' title='bbox 691 672 863 773; x_wconf 78' lang='lat' dir='ltr'><strong>tantisper</strong></span> <span class='ocrx_word' id='word_1_19' title='bbox 886 669 1036 768; x_wconf 83' lang='lat' dir='ltr'><strong>ibidem,</strong></span> <span class='ocrx_word' id='word_1_20' title='bbox 1061 668 1147 744; x_wconf 90' lang='lat' dir='ltr'><strong>dum</strong></span> <span class='ocrx_word' id='word_1_21' title='bbox 1170 669 1317 744; x_wconf 76' lang='lat' dir='ltr'><strong>efferve-</strong></span> 
     </span>
    </p>
   </div>
   <div class='ocr_carea' id='block_1_4' title="bbox 287 797 1319 1037">
    <p class='ocr_par' dir='ltr' id='par_1_4' title="bbox 287 797 1319 1037">
     <span class='ocr_line' id='line_1_4' title="bbox 287 797 1318 904; baseline -0.01 -22"><span class='ocrx_word' id='word_1_22' title='bbox 287 809 291 820; x_wconf 87' lang='lat'>&#39;</span> <span class='ocrx_word' id='word_1_23' title='bbox 318 809 385 882; x_wconf 80' lang='lat' dir='ltr'><strong>scit</strong></span> <span class='ocrx_word' id='word_1_24' title='bbox 408 805 495 879; x_wconf 78' lang='lat' dir='ltr'><strong>haec</strong></span> <span class='ocrx_word' id='word_1_25' title='bbox 522 800 712 904; x_wconf 80' lang='lat' dir='ltr'><strong>,gratulatio</strong></span> <span class='ocrx_word' id='word_1_26' title='bbox 733 801 774 900; x_wconf 72' lang='lat'><strong>¹⁸,</strong></span> <span class='ocrx_word' id='word_1_27' title='bbox 805 813 842 872; x_wconf 88' lang='lat' dir='ltr'><strong>et</strong></span> <span class='ocrx_word' id='word_1_28' title='bbox 877 797 981 872; x_wconf 87' lang='lat' dir='ltr'><strong>simul</strong></span> <span class='ocrx_word' id='word_1_29' title='bbox 1006 797 1091 871; x_wconf 92' lang='lat' dir='ltr'><strong>dum</strong></span> <span class='ocrx_word' id='word_1_30' title='bbox 1116 797 1318 899; x_wconf 73' lang='lat' dir='ltr'><strong>audiamus,</strong></span> 
     </span>
     <span class='ocr_line' id='line_1_5' title="bbox 319 925 1319 1037; baseline -0.011 -27"><span class='ocrx_word' id='word_1_31' title='bbox 319 930 617 1037; x_wconf 84' lang='lat' dir='ltr'><strong>quemadmodum</strong></span> <span class='ocrx_word' id='word_1_32' title='bbox 653 928 832 1028; x_wconf 77' lang='lat' dir='ltr'><strong>negotium</strong></span> <span class='ocrx_word' id='word_1_33' title='bbox 870 925 1069 1000; x_wconf 86' lang='lat' dir='ltr'><strong>consectum</strong></span> <span class='ocrx_word' id='word_1_34' title='bbox 1099 927 1168 998; x_wconf 89' lang='lat' dir='ltr'><strong>sit:</strong></span> <span class='ocrx_word' id='word_1_35' title='bbox 1201 927 1319 1000; x_wconf 87' lang='lat' dir='ltr'><strong>conse-</strong></span> 
     </span>
    </p>
   </div>
   <div class='ocr_carea' id='block_1_5' title="bbox 319 1054 1432 1152">
    <p class='ocr_par' dir='ltr' id='par_1_5' title="bbox 319 1054 1432 1152">
     <span class='ocr_line' id='line_1_6' title="bbox 319 1054 1432 1152; baseline -0.005 -18"><span class='ocrx_word' id='word_1_36' title='bbox 319 1077 413 1135; x_wconf 90' lang='lat' dir='ltr'><strong>ctum</strong></span> <span class='ocrx_word' id='word_1_37' title='bbox 440 1061 533 1132; x_wconf 89' lang='lat' dir='ltr'><strong>enim</strong></span> <span class='ocrx_word' id='word_1_38' title='bbox 559 1083 634 1132; x_wconf 85' lang='lat' dir='ltr'><strong>esse</strong></span> <span class='ocrx_word' id='word_1_39' title='bbox 659 1055 828 1129; x_wconf 81' lang='lat' dir='ltr'><strong>existimo.</strong></span> <span class='ocrx_word' id='word_1_40' title='bbox 855 1054 973 1151; x_wconf 85' lang='lat' dir='ltr'>Magni</span> <span class='ocrx_word' id='word_1_41' title='bbox 1000 1067 1116 1128; x_wconf 86' lang='lat' dir='ltr'><strong>sutem</strong></span> <span class='ocrx_word' id='word_1_42' title='bbox 1142 1055 1318 1152; x_wconf 72' lang='lat' dir='ltr'><strong>intenuit,</strong></span> <span class='ocrx_word' id='word_1_43' title='bbox 1431 1111 1432 1128; x_wconf 64' lang='grc'>,</span> 
     </span>
    </p>
   </div>
   <div class='ocr_carea' id='block_1_6' title="bbox 320 1181 1321 1538">
    <p class='ocr_par' dir='ltr' id='par_1_6' title="bbox 320 1181 1321 1538">
     <span class='ocr_line' id='line_1_7' title="bbox 320 1181 1320 1290; baseline -0.003 -33"><span class='ocrx_word' id='word_1_44' title='bbox 320 1187 379 1290; x_wconf 83' lang='lat' dir='ltr'><strong>qui</strong></span> <span class='ocrx_word' id='word_1_45' title='bbox 396 1185 500 1260; x_wconf 83' lang='lat' dir='ltr'><strong>fuerit</strong></span> <span class='ocrx_word' id='word_1_46' title='bbox 515 1183 659 1259; x_wconf 82' lang='lat' dir='ltr'><strong>victoris</strong></span> <span class='ocrx_word' id='word_1_47' title='bbox 676 1183 829 1279; x_wconf 84' lang='lat' dir='ltr'><strong>animus,</strong></span> <span class='ocrx_word' id='word_1_48' title='bbox 846 1181 906 1282; x_wconf 91' lang='lat' dir='ltr'><strong>qui</strong></span> <span class='ocrx_word' id='word_1_49' title='bbox 922 1181 1034 1253; x_wconf 85' lang='lat' dir='ltr'><strong>exitus</strong></span> <span class='ocrx_word' id='word_1_50' title='bbox 1051 1205 1177 1253; x_wconf 83' lang='lat' dir='ltr'><strong>rerum.</strong></span> <span class='ocrx_word' id='word_1_51' title='bbox 1190 1181 1320 1272; x_wconf 84' lang='lat' dir='ltr'><strong>Quom-</strong></span> 
     </span>
     <span class='ocr_line' id='line_1_8' title="bbox 321 1304 1320 1416; baseline -0.006 -30"><span class='ocrx_word' id='word_1_52' title='bbox 321 1339 427 1416; x_wconf 83' lang='lat' dir='ltr'><strong>quom</strong></span> <span class='ocrx_word' id='word_1_53' title='bbox 458 1336 529 1414; x_wconf 93' lang='lat' dir='ltr'><strong>quo</strong></span> <span class='ocrx_word' id='word_1_54' title='bbox 561 1335 618 1383; x_wconf 88' lang='lat' dir='ltr'><strong>me</strong></span> <span class='ocrx_word' id='word_1_55' title='bbox 651 1309 855 1384; x_wconf 81' lang='lat' dir='ltr'><strong>coniectum</strong></span> <span class='ocrx_word' id='word_1_56' title='bbox 889 1305 1013 1407; x_wconf 82' lang='lat' dir='ltr'><strong>ducat,</strong></span> <span class='ocrx_word' id='word_1_57' title='bbox 1043 1304 1159 1380; x_wconf 82' lang='lat' dir='ltr'><strong>habeo</strong></span> <span class='ocrx_word' id='word_1_58' title='bbox 1179 1323 1225 1378; x_wconf 87' lang='lat'><strong>¹⁷:</strong></span> <span class='ocrx_word' id='word_1_59' title='bbox 1258 1305 1320 1380; x_wconf 90' lang='lat' dir='ltr'><strong>sed</strong></span> 
     </span>
     <span class='ocr_line' id='line_1_9' title="bbox 320 1433 1321 1538; baseline -0.004 -26"><span class='ocrx_word' id='word_1_60' title='bbox 320 1451 486 1538; x_wconf 81' lang='lat' dir='ltr'><strong>exspecto</strong></span> <span class='ocrx_word' id='word_1_61' title='bbox 511 1450 639 1510; x_wconf 84' lang='lat' dir='ltr'><strong>tamen.</strong></span> <span class='ocrx_word' id='word_1_62' title='bbox 664 1434 717 1509; x_wconf 89' lang='lat' dir='ltr'><strong>Te</strong></span> <span class='ocrx_word' id='word_1_63' title='bbox 742 1461 828 1508; x_wconf 75' lang='lat' dir='ltr'><strong>veno</strong></span> <span class='ocrx_word' id='word_1_64' title='bbox 856 1433 962 1534; x_wconf 86' lang='lat' dir='ltr'><strong>nolo,</strong></span> <span class='ocrx_word' id='word_1_65' title='bbox 995 1433 1061 1507; x_wconf 86' lang='lat' dir='ltr'><strong>nisi</strong></span> <span class='ocrx_word' id='word_1_66' title='bbox 1092 1435 1168 1535; x_wconf 87' lang='lat' dir='ltr'><strong>ipse</strong></span> <span class='ocrx_word' id='word_1_67' title='bbox 1201 1461 1321 1508; x_wconf 82' lang='lat' dir='ltr'><strong>mmor</strong></span> 
     </span>
    </p>
   </div>
   <div class='ocr_carea' id='block_1_7' title="bbox 318 1560 1433 1661">
    <p class='ocr_par' dir='ltr' id='par_1_7' title="bbox 318 1560 1433 1661">
     <span class='ocr_line' id='line_1_10' title="bbox 318 1560 1433 1661; baseline -0.004 -23"><span class='ocrx_word' id='word_1_68' title='bbox 318 1565 391 1638; x_wconf 80' lang='lat' dir='ltr'><strong>ism</strong></span> <span class='ocrx_word' id='word_1_69' title='bbox 423 1588 548 1638; x_wconf 81' lang='lat' dir='ltr'><strong>raucus</strong></span> <span class='ocrx_word' id='word_1_70' title='bbox 580 1563 649 1636; x_wconf 81' lang='lat' dir='ltr'><strong>crit</strong></span> <span class='ocrx_word' id='word_1_71' title='bbox 673 1560 792 1634; x_wconf 75' lang='lat' dir='ltr'><strong>factm</strong></span> <span class='ocrx_word' id='word_1_72' title='bbox 812 1561 852 1661; x_wconf 76' lang='lat'><strong>¹⁸,</strong></span> <span class='ocrx_word' id='word_1_73' title='bbox 886 1561 932 1634; x_wconf 85' lang='lat' dir='ltr'><strong>ad</strong></span> <span class='ocrx_word' id='word_1_74' title='bbox 963 1562 1067 1634; x_wconf 83' lang='lat' dir='ltr'><strong>Baias</strong></span> <span class='ocrx_word' id='word_1_75' title='bbox 1088 1561 1219 1634; x_wconf 76' lang='lat' dir='ltr'><strong>venire.</strong></span> <span class='ocrx_word' id='word_1_76' title='bbox 1244 1564 1321 1637; x_wconf 87' lang='lat' dir='ltr'><strong>En&#39;t</strong></span> <span class='ocrx_word' id='word_1_77' title='bbox 1432 1571 1433 1590; x_wconf 66' lang='lat'>¹</span> 
     </span>
    </p>
   </div>
   <div class='ocr_carea' id='block_1_8' title="bbox 316 1687 1323 2808">
    <p class='ocr_par' dir='ltr' id='par_1_8' title="bbox 316 1687 1321 2045">
     <span class='ocr_line' id='line_1_11' title="bbox 318 1687 1321 1790; baseline -0.002 -26"><span class='ocrx_word' id='word_1_78' title='bbox 318 1690 414 1764; x_wconf 74' lang='lat' dir='ltr'><strong>mim</strong></span> <span class='ocrx_word' id='word_1_79' title='bbox 438 1687 541 1762; x_wconf 87' lang='lat' dir='ltr'><strong>nohis</strong></span> <span class='ocrx_word' id='word_1_80' title='bbox 566 1687 769 1788; x_wconf 72' lang='lat' dir='ltr'><strong>honestius,</strong></span> <span class='ocrx_word' id='word_1_81' title='bbox 786 1689 892 1761; x_wconf 81' lang='lat' dir='ltr'><strong>etism</strong></span> <span class='ocrx_word' id='word_1_82' title='bbox 917 1715 1026 1790; x_wconf 88' lang='lat' dir='ltr'><strong>quum</strong></span> <span class='ocrx_word' id='word_1_83' title='bbox 1050 1687 1133 1762; x_wconf 89' lang='lat' dir='ltr'><strong>hinc</strong></span> <span class='ocrx_word' id='word_1_84' title='bbox 1159 1687 1321 1762; x_wconf 83' lang='lat' dir='ltr'><strong>discesse-</strong></span> 
     </span>
     <span class='ocr_line' id='line_1_12' title="bbox 316 1814 1320 1918; baseline -0.002 -26"><span class='ocrx_word' id='word_1_85' title='bbox 316 1819 445 1916; x_wconf 76' lang='lat' dir='ltr'><strong>simus,</strong></span> <span class='ocrx_word' id='word_1_86' title='bbox 470 1815 581 1889; x_wconf 85' lang='lat' dir='ltr'><strong>viden&#39;</strong></span> <span class='ocrx_word' id='word_1_87' title='bbox 606 1817 746 1890; x_wconf 83' lang='lat' dir='ltr'><strong>vonisse</strong></span> <span class='ocrx_word' id='word_1_88' title='bbox 770 1814 882 1888; x_wconf 76' lang='lat' dir='ltr'><strong>inille</strong></span> <span class='ocrx_word' id='word_1_89' title='bbox 899 1814 1320 1918; x_wconf 82' lang='lat' dir='ltr'><strong>locuplomtumpotius,</strong></span> 
     </span>
     <span class='ocr_line' id='line_1_13' title="bbox 320 1955 673 2045; baseline -0.006 -30"><span class='ocrx_word' id='word_1_90' title='bbox 320 1969 428 2045; x_wconf 84' lang='lat' dir='ltr'><strong>quam</strong></span> <span class='ocrx_word' id='word_1_91' title='bbox 451 1955 612 2016; x_wconf 74' lang='lat' dir='ltr'><strong>nautum</strong></span> <span class='ocrx_word' id='word_1_92' title='bbox 634 1957 673 2013; x_wconf 77' lang='lat'><strong>¹9.</strong></span> 
     </span>
    </p>

    <p class='ocr_par' dir='ltr' id='par_1_9' title="bbox 318 2067 1323 2808">
     <span class='ocr_line' id='line_1_14' title="bbox 370 2067 1321 2165; baseline 0.005 -25"><span class='ocrx_word' id='word_1_93' title='bbox 370 2068 491 2165; x_wconf 65' lang='lat' dir='ltr'><strong>4&#39;Sed</strong></span> <span class='ocrx_word' id='word_1_94' title='bbox 514 2067 602 2142; x_wconf 83' lang='lat' dir='ltr'><strong>haec</strong></span> <span class='ocrx_word' id='word_1_95' title='bbox 627 2081 667 2144; x_wconf 90' lang='lat' dir='ltr'><strong>tu</strong></span> <span class='ocrx_word' id='word_1_96' title='bbox 691 2067 816 2142; x_wconf 86' lang='lat' dir='ltr'><strong>melius</strong></span> <span class='ocrx_word' id='word_1_97' title='bbox 834 2083 883 2140; x_wconf 77' lang='lat'><strong>²⁶:</strong></span> <span class='ocrx_word' id='word_1_98' title='bbox 917 2069 1026 2142; x_wconf 91' lang='lat' dir='ltr'><strong>modo</strong></span> <span class='ocrx_word' id='word_1_99' title='bbox 1059 2068 1162 2144; x_wconf 89' lang='lat' dir='ltr'><strong>nobis</strong></span> <span class='ocrx_word' id='word_1_100' title='bbox 1187 2085 1258 2146; x_wconf 86' lang='lat' dir='ltr'><strong>stet</strong></span> <span class='ocrx_word' id='word_1_101' title='bbox 1281 2071 1321 2145; x_wconf 92' lang='lat' dir='ltr'><strong>il-</strong></span> 
     </span>
     <span class='ocr_line' id='line_1_15' title="bbox 321 2195 1321 2300; baseline 0.006 -32"><span class='ocrx_word' id='word_1_102' title='bbox 321 2195 401 2296; x_wconf 92' lang='lat' dir='ltr'><strong>lud,</strong></span> <span class='ocrx_word' id='word_1_103' title='bbox 426 2221 496 2268; x_wconf 86' lang='lat' dir='ltr'><strong>una</strong></span> <span class='ocrx_word' id='word_1_104' title='bbox 521 2195 640 2270; x_wconf 68' lang='lat' dir='ltr'><strong>civem</strong></span> <span class='ocrx_word' id='word_1_105' title='bbox 664 2195 702 2268; x_wconf 90' lang='lat' dir='ltr'><strong>in</strong></span> <span class='ocrx_word' id='word_1_106' title='bbox 728 2195 852 2269; x_wconf 88' lang='lat' dir='ltr'><strong>studiis</strong></span> <span class='ocrx_word' id='word_1_107' title='bbox 878 2197 1024 2295; x_wconf 87' lang='lat' dir='ltr'><strong>nostris,</strong></span> <span class='ocrx_word' id='word_1_108' title='bbox 1040 2222 1061 2270; x_wconf 86' lang='lat' dir='ltr'>a</span> <span class='ocrx_word' id='word_1_109' title='bbox 1078 2196 1204 2300; x_wconf 91' lang='lat' dir='ltr'><strong>quibus</strong></span> <span class='ocrx_word' id='word_1_110' title='bbox 1221 2213 1321 2274; x_wconf 80' lang='lat' dir='ltr'><strong>antea</strong></span> 
     </span>
     <span class='ocr_line' id='line_1_16' title="bbox 318 2321 1322 2424; baseline 0.002 -24"><span class='ocrx_word' id='word_1_111' title='bbox 318 2321 592 2400; x_wconf 72' lang='lat' dir='ltr'><strong>delectationem</strong></span> <span class='ocrx_word' id='word_1_112' title='bbox 608 2323 718 2398; x_wconf 76' lang='lat' dir='ltr'><strong>modo</strong></span> <span class='ocrx_word' id='word_1_113' title='bbox 734 2322 993 2424; x_wconf 68' lang='lat' dir='ltr'><strong>petebamusu,</strong></span> <span class='ocrx_word' id='word_1_114' title='bbox 1004 2350 1099 2398; x_wconf 87' lang='lat' dir='ltr'><strong>nunc</strong></span> <span class='ocrx_word' id='word_1_115' title='bbox 1115 2351 1201 2400; x_wconf 85' lang='lat' dir='ltr'><strong>vem</strong></span> <span class='ocrx_word' id='word_1_116' title='bbox 1218 2328 1322 2402; x_wconf 86' lang='lat' dir='ltr'><strong>etiam</strong></span> 
     </span>
     <span class='ocr_line' id='line_1_17' title="bbox 318 2449 1322 2554; baseline 0.002 -28"><span class='ocrx_word' id='word_1_117' title='bbox 318 2449 487 2552; x_wconf 74' lang='lat' dir='ltr'><strong>salutem,</strong></span> <span class='ocrx_word' id='word_1_118' title='bbox 511 2477 586 2526; x_wconf 91' lang='lat' dir='ltr'><strong>uon</strong></span> <span class='ocrx_word' id='word_1_119' title='bbox 610 2449 748 2551; x_wconf 83' lang='lat' dir='ltr'><strong>deesse,</strong></span> <span class='ocrx_word' id='word_1_120' title='bbox 773 2453 804 2526; x_wconf 88' lang='lat' dir='ltr'><strong>si</strong></span> <span class='ocrx_word' id='word_1_121' title='bbox 829 2452 907 2554; x_wconf 89' lang='lat' dir='ltr'><strong>quis</strong></span> <span class='ocrx_word' id='word_1_122' title='bbox 930 2449 1097 2526; x_wconf 75' lang='lat' dir='ltr'><strong>adhibere</strong></span> <span class='ocrx_word' id='word_1_123' title='bbox 1123 2452 1233 2553; x_wconf 77' lang='lat' dir='ltr'><strong>volet,</strong></span> <span class='ocrx_word' id='word_1_124' title='bbox 1250 2479 1322 2528; x_wconf 92' lang='lat' dir='ltr'><strong>non</strong></span> 
     </span>
     <span class='ocr_line' id='line_1_18' title="bbox 319 2577 1322 2681; baseline 0.002 -28"><span class='ocrx_word' id='word_1_125' title='bbox 319 2579 430 2654; x_wconf 79' lang='lat' dir='ltr'><strong>modo</strong></span> <span class='ocrx_word' id='word_1_126' title='bbox 452 2577 896 2678; x_wconf 73' lang='lat' dir='ltr'><strong>ut·sscbitootos,ven1m</strong></span> <span class='ocrx_word' id='word_1_127' title='bbox 920 2579 1028 2652; x_wconf 82' lang='lat' dir='ltr'><strong>stium</strong></span> <span class='ocrx_word' id='word_1_128' title='bbox 1053 2594 1093 2651; x_wconf 90' lang='lat' dir='ltr'><strong>ut</strong></span> <span class='ocrx_word' id='word_1_129' title='bbox 1112 2579 1254 2681; x_wconf 78' lang='lat' dir='ltr'><strong>fabros,</strong></span> <span class='ocrx_word' id='word_1_130' title='bbox 1279 2581 1322 2655; x_wconf 85' lang='lat' dir='ltr'><strong>sd</strong></span> 
     </span>
     <span class='ocr_line' id='line_1_19' title="bbox 322 2705 1323 2808; baseline 0.006 -31"><span class='ocrx_word' id='word_1_131' title='bbox 322 2705 575 2779; x_wconf 72' lang='lat' dir='ltr'><strong>aedificandam</strong></span> <span class='ocrx_word' id='word_1_132' title='bbox 600 2733 676 2780; x_wconf 77' lang='lat' dir='ltr'><strong>rem</strong></span> <span class='ocrx_word' id='word_1_133' title='bbox 707 2705 887 2807; x_wconf 80' lang='lat' dir='ltr'><strong>publicum</strong></span> <span class='ocrx_word' id='word_1_134' title='bbox 904 2721 947 2806; x_wconf 85' lang='lat'><strong>²²,</strong></span> <span class='ocrx_word' id='word_1_135' title='bbox 971 2719 1008 2781; x_wconf 89' lang='lat' dir='ltr'><strong>et</strong></span> <span class='ocrx_word' id='word_1_136' title='bbox 1032 2707 1150 2808; x_wconf 88' lang='lat' dir='ltr'><strong>potius</strong></span> <span class='ocrx_word' id='word_1_137' title='bbox 1174 2707 1323 2783; x_wconf 77' lang='lat' dir='ltr'><strong>libenter</strong></span> 
     </span>
    </p>
   </div>
   <div class='ocr_carea' id='block_1_9' title="bbox 188 2831 1321 2934">
    <p class='ocr_par' dir='ltr' id='par_1_10' title="bbox 188 2831 1321 2934">
     <span class='ocr_line' id='line_1_20' title="bbox 188 2831 1321 2934; baseline 0.007 -34"><span class='ocrx_word' id='word_1_138' title='bbox 188 2897 192 2910; x_wconf 84' lang='grc'>,</span> <span class='ocrx_word' id='word_1_139' title='bbox 322 2855 519 2930; x_wconf 76' lang='lat' dir='ltr'><strong>accurrere3</strong></span> <span class='ocrx_word' id='word_1_140' title='bbox 543 2831 574 2904; x_wconf 88' lang='lat' dir='ltr'><strong>si</strong></span> <span class='ocrx_word' id='word_1_141' title='bbox 599 2856 704 2904; x_wconf 87' lang='lat' dir='ltr'><strong>nemo</strong></span> <span class='ocrx_word' id='word_1_142' title='bbox 727 2845 847 2905; x_wconf 86' lang='lat' dir='ltr'><strong>utetur</strong></span> <span class='ocrx_word' id='word_1_143' title='bbox 871 2859 1002 2934; x_wconf 83' lang='lat' dir='ltr'><strong>opera,</strong></span> <span class='ocrx_word' id='word_1_144' title='bbox 1031 2847 1152 2907; x_wconf 83' lang='lat' dir='ltr'><strong>tamen</strong></span> <span class='ocrx_word' id='word_1_145' title='bbox 1178 2847 1216 2907; x_wconf 88' lang='lat' dir='ltr'><strong>et</strong></span> <span class='ocrx_word' id='word_1_146' title='bbox 1240 2837 1321 2909; x_wconf 87' lang='lat' dir='ltr'><strong>scri·</strong></span> 
     </span>
    </p>
   </div>
   <div class='ocr_carea' id='block_1_10' title="bbox 318 2951 1325 3572">
    <p class='ocr_par' dir='ltr' id='par_1_11' title="bbox 318 2951 1325 3572">
     <span class='ocr_line' id='line_1_21' title="bbox 322 2951 1325 3054; baseline 0.008 -28"><span class='ocrx_word' id='word_1_147' title='bbox 322 2951 425 3053; x_wconf 75' lang='lat' dir='ltr'><strong>bere,</strong></span> <span class='ocrx_word' id='word_1_148' title='bbox 449 2968 486 3028; x_wconf 84' lang='lat' dir='ltr'><strong>et</strong></span> <span class='ocrx_word' id='word_1_149' title='bbox 509 2953 623 3054; x_wconf 84' lang='lat' dir='ltr'><strong>legere</strong></span> <span class='ocrx_word' id='word_1_150' title='bbox 648 2959 814 3036; x_wconf 64' lang='grc' dir='ltr'><strong>πολιτείαις</strong></span> <span class='ocrx_word' id='word_1_151' title='bbox 840 2973 877 3031; x_wconf 85' lang='lat' dir='ltr'><strong>et</strong></span> <span class='ocrx_word' id='word_1_152' title='bbox 901 2960 931 3032; x_wconf 87' lang='lat' dir='ltr'><strong>si</strong></span> <span class='ocrx_word' id='word_1_153' title='bbox 957 2962 1073 3033; x_wconf 90' lang='lat' dir='ltr'><strong>minus</strong></span> <span class='ocrx_word' id='word_1_154' title='bbox 1097 2961 1134 3032; x_wconf 92' lang='lat' dir='ltr'><strong>in</strong></span> <span class='ocrx_word' id='word_1_155' title='bbox 1160 2962 1258 3034; x_wconf 82' lang='lat' dir='ltr'><strong>curia</strong></span> <span class='ocrx_word' id='word_1_156' title='bbox 1276 2975 1325 3034; x_wconf 83' lang='lat' dir='ltr'><strong>st·</strong></span> 
     </span>
     <span class='ocr_line' id='line_1_22' title="bbox 324 3080 1323 3187; baseline 0.007 -33"><span class='ocrx_word' id='word_1_157' title='bbox 324 3107 392 3183; x_wconf 84' lang='lat' dir='ltr'><strong>que</strong></span> <span class='ocrx_word' id='word_1_158' title='bbox 416 3081 455 3154; x_wconf 91' lang='lat' dir='ltr'><strong>in</strong></span> <span class='ocrx_word' id='word_1_159' title='bbox 479 3081 578 3182; x_wconf 77' lang='lat' dir='ltr'><strong>som,</strong></span> <span class='ocrx_word' id='word_1_160' title='bbox 602 3096 638 3156; x_wconf 80' lang='lat' dir='ltr'><strong>at</strong></span> <span class='ocrx_word' id='word_1_161' title='bbox 662 3083 701 3156; x_wconf 90' lang='lat' dir='ltr'><strong>in</strong></span> <span class='ocrx_word' id='word_1_162' title='bbox 725 3080 833 3157; x_wconf 76' lang='lat' dir='ltr'><strong>literis</strong></span> <span class='ocrx_word' id='word_1_163' title='bbox 858 3099 896 3158; x_wconf 88' lang='lat' dir='ltr'><strong>ct</strong></span> <span class='ocrx_word' id='word_1_164' title='bbox 918 3085 1041 3187; x_wconf 84' lang='lat' dir='ltr'><strong>libris,</strong></span> <span class='ocrx_word' id='word_1_165' title='bbox 1066 3101 1106 3160; x_wconf 90' lang='lat' dir='ltr'><strong>ut</strong></span> <span class='ocrx_word' id='word_1_166' title='bbox 1130 3087 1323 3164; x_wconf 84' lang='lat' dir='ltr'><strong>doctissimi</strong></span> 
     </span>
     <span class='ocr_line' id='line_1_23' title="bbox 323 3207 1323 3313; baseline 0.006 -31"><span class='ocrx_word' id='word_1_167' title='bbox 323 3221 460 3282; x_wconf 74' lang='lat' dir='ltr'><strong>votem</strong></span> <span class='ocrx_word' id='word_1_168' title='bbox 479 3207 664 3308; x_wconf 76' lang='lat' dir='ltr'><strong>decerunt,</strong></span> <span class='ocrx_word' id='word_1_169' title='bbox 694 3235 826 3284; x_wconf 79' lang='lat' dir='ltr'><strong>navare</strong></span> <span class='ocrx_word' id='word_1_170' title='bbox 852 3238 929 3285; x_wconf 77' lang='lat' dir='ltr'><strong>sem</strong></span> <span class='ocrx_word' id='word_1_171' title='bbox 955 3211 1134 3313; x_wconf 77' lang='lat' dir='ltr'><strong>publicam</strong></span> <span class='ocrx_word' id='word_1_172' title='bbox 1152 3216 1195 3312; x_wconf 83' lang='lat'><strong>²³,</strong></span> <span class='ocrx_word' id='word_1_173' title='bbox 1220 3230 1257 3288; x_wconf 85' lang='lat' dir='ltr'><strong>et</strong></span> <span class='ocrx_word' id='word_1_174' title='bbox 1282 3213 1323 3288; x_wconf 88' lang='lat' dir='ltr'><strong>de</strong></span> 
     </span>
     <span class='ocr_line' id='line_1_24' title="bbox 318 3333 1322 3440; baseline 0.005 -34"><span class='ocrx_word' id='word_1_175' title='bbox 318 3333 479 3410; x_wconf 79' lang='lat' dir='ltr'><strong>monbus</strong></span> <span class='ocrx_word' id='word_1_176' title='bbox 502 3361 546 3408; x_wconf 85' lang='lat' dir='ltr'><strong>sc</strong></span> <span class='ocrx_word' id='word_1_177' title='bbox 570 3334 704 3436; x_wconf 83' lang='lat' dir='ltr'><strong>legibus</strong></span> <span class='ocrx_word' id='word_1_178' title='bbox 730 3363 904 3440; x_wconf 69' lang='lat' dir='ltr'><strong>quinem</strong></span> <span class='ocrx_word' id='word_1_179' title='bbox 931 3339 1020 3412; x_wconf 75' lang='lat' dir='ltr'><strong>Mihi</strong></span> <span class='ocrx_word' id='word_1_180' title='bbox 1045 3341 1132 3414; x_wconf 80' lang='lat' dir='ltr'><strong>haec</strong></span> <span class='ocrx_word' id='word_1_181' title='bbox 1148 3341 1322 3416; x_wconf 72' lang='lat' dir='ltr'><strong>uidentur.</strong></span> 
     </span>
     <span class='ocr_line' id='line_1_25' title="bbox 323 3459 1322 3572; baseline 0.011 -38"><span class='ocrx_word' id='word_1_182' title='bbox 323 3459 398 3560; x_wconf 87' lang='lat' dir='ltr'><strong>Tu,</strong></span> <span class='ocrx_word' id='word_1_183' title='bbox 421 3462 506 3564; x_wconf 89' lang='lat' dir='ltr'><strong>quid</strong></span> <span class='ocrx_word' id='word_1_184' title='bbox 531 3465 578 3537; x_wconf 84' lang='lat' dir='ltr'><strong>sis</strong></span> <span class='ocrx_word' id='word_1_185' title='bbox 604 3479 762 3564; x_wconf 81' lang='lat' dir='ltr'><strong>acturus,</strong></span> <span class='ocrx_word' id='word_1_186' title='bbox 786 3479 842 3565; x_wconf 85' lang='lat' dir='ltr'><strong>ct,</strong></span> <span class='ocrx_word' id='word_1_187' title='bbox 867 3466 953 3569; x_wconf 88' lang='lat' dir='ltr'><strong>quid</strong></span> <span class='ocrx_word' id='word_1_188' title='bbox 977 3467 1043 3541; x_wconf 83' lang='lat' dir='ltr'><strong>tibi</strong></span> <span class='ocrx_word' id='word_1_189' title='bbox 1067 3468 1224 3570; x_wconf 69' lang='lat' dir='ltr'><strong>piscem,</strong></span> <span class='ocrx_word' id='word_1_190' title='bbox 1249 3495 1322 3572; x_wconf 76' lang='lat' dir='ltr'><strong>peu·</strong></span> 
     </span>
    </p>
   </div>
   <div class='ocr_carea' id='block_1_11' title="bbox 325 3591 1047 3696">
    <p class='ocr_par' dir='ltr' id='par_1_12' title="bbox 325 3591 1047 3696">
     <span class='ocr_line' id='line_1_26' title="bbox 325 3591 1047 3696; baseline 0.007 -32"><span class='ocrx_word' id='word_1_191' title='bbox 325 3602 461 3688; x_wconf 73' lang='lat' dir='ltr'><strong>gnitum</strong></span> <span class='ocrx_word' id='word_1_192' title='bbox 487 3591 570 3692; x_wconf 85' lang='lat' dir='ltr'><strong>erit,</strong></span> <span class='ocrx_word' id='word_1_193' title='bbox 592 3591 622 3666; x_wconf 86' lang='lat' dir='ltr'><strong>si</strong></span> <span class='ocrx_word' id='word_1_194' title='bbox 647 3591 693 3668; x_wconf 79' lang='lat' dir='ltr'><strong>od</strong></span> <span class='ocrx_word' id='word_1_195' title='bbox 716 3619 776 3666; x_wconf 85' lang='lat' dir='ltr'><strong>me</strong></span> <span class='ocrx_word' id='word_1_196' title='bbox 801 3594 990 3696; x_wconf 77' lang='lat' dir='ltr'><strong>scripseiis.</strong></span> <span class='ocrx_word' id='word_1_197' title='bbox 1044 3621 1047 3628; x_wconf 54' lang='lat'><strong>⁴</strong></span> 
     </span>
    </p>
   </div>
   <div class='ocr_carea' id='block_1_12' title="bbox 0 0 1455 4962">
    <p class='ocr_par' dir='ltr' id='par_1_13' title="bbox 0 0 1455 4962">
     <span class='ocr_line' id='line_1_27' title="bbox 0 0 1455 4962; baseline 0 0"><span class='ocrx_word' id='word_1_198' title='bbox 0 0 1455 4962; x_wconf 95' lang='lat' dir='ltr'><strong> </strong></span> 
     </span>
    </p>
   </div>
  </div>
 </body>
</html>
