2818 4958
305 451 375 526 206
649 467 819 518 arrsront
845 469 951 516 corn.
1081 469 1113 512 n.
1133 467 1164 514 r.
1183 469 1211 514 c.
1230 482 1275 526 7⁰5

695 773 698 780 i
734 697 871 770 CDLl-l·
1028 737 1082 794 (aa
1097 737 1150 781 nn.
1168 735 1232 794 vn,
1247 739 1278 794 r)
1404 719 1405 746 ³

191 863 193 871 i
303 883 520 960 Argumentruu.
540 878 672 960 Exponit
693 876 803 960 quibus
818 875 985 950 rationibus
999 859 1147 936 adduntus
1162 885 1233 956 post
1249 895 1302 956 pu·
1404 869 1405 920 ἶ

278 1029 281 1038 .
342 1008 431 1068 gnam
452 985 654 1046 Pharsalicam
676 983 758 1045 bello
779 983 965 1044 abstinuerit.

467 1193 519 1244 Scr.
538 1193 632 1244 Romae
652 1194 680 1242 t.
699 1191 732 1242 V.
750 1191 778 1243 C.
796 1189 933 1255 DCCVlI,
954 1189 990 1240 ll.
1009 1187 1129 1258 Quintili.

482 1393 523 1452 n.
548 1391 583 1453 r.
609 1357 753 1454 eterno
777 1389 820 1453 n.
844 1385 1002 1453 ntnro1
1028 1388 1058 1452 r.
1082 1388 1120 1452 n.

350 1581 523 1679 Per-saepe
548 1578 633 1650 mihi
659 1579 828 1677 cogitanti
853 1578 898 1652 de
923 1577 1170 1651 communibus
1199 1581 1302 1652 mise·

301 1709 376 1806 riis,
399 1707 436 1779 in
463 1705 588 1808 quibus
613 1719 667 1778 tot
693 1729 802 1779 annos
821 1729 1016 1801 versamur,
1041 1719 1077 1776 et
1098 1714 1110 1790 (
1118 1719 1158 1776 ut
1176 1705 1301 1794 video>
1404 1793 1405 1798 ἵ

301 1834 515 1916 versabimur
529 1849 554 1932 ²,
579 1832 668 1906 solet
692 1834 729 1905 in
745 1845 900 1929 mantem
916 1833 1035 1904 venire
1055 1829 1146 1903 illius
1165 1846 1303 1933 tempo-

300 1963 347 2036 ris
364 1963 390 2059 3,
415 1986 484 2061 qno
509 1962 668 2060 proxime
692 1959 819 2032 fuimus
844 1983 929 2032 una:
956 1958 1039 2059 quin
1061 1957 1167 2030 etiam
1185 1961 1305 2059 ipsum
1404 1965 1405 1968 ’

301 2085 392 2158 diem
418 2087 584 2160 memoria
611 2099 723 2161 teneo.
749 2083 840 2158 Nam
866 2110 895 2157 a.
922 2085 955 2158 d.
980 2085 1034 2158 ΙΙΙ
1058 2083 1142 2160 Idus
1168 2087 1304 2184 Maias,

167 2232 174 2244 ·
299 2209 450 2316 Lentulo
476 2223 512 2283 et
536 2210 703 2292 Marcello
729 2210 930 2285 cwaulibur
947 2209 979 2308 l,
999 2237 1110 2312 quum·
1126 2213 1172 2287 ,in
1193 2214 1303 2286 Pom·
1404 2261 1405 2288 1

299 2337 463 2436 peianum
488 2323 833 2438 vesperi'venisaem,
856 2351 898 2409 tu
923 2337 1008 2410 miti
1026 2336 1164 2424 sotaito
1183 2340 1303 2411 animo

299 2479 440 2563 praesto
464 2462 566 2537 luisti.
594 2461 779 2536 Solicitnm
801 2477 919 2537 autem
943 2479 980 2536 te
1004 2461 1187 2537 habebat⁵
1206 2467 1305 2562 cogi-
1404 2465 1405 2468 ’

300 2592 386 2664 tatio
411 2605 488 2663 tum
513 2589 640 2691 officii,
665 2605 738 2662 tum
764 2591 869 2663 etiam
886 2589 1135 2694 periculi'tnei.
1162 2591 1200 2664 Si
1225 2618 1302 2664 ma·
1404 2643 1405 2648 κ

299 2739 418 2791 nerem
441 2717 478 2788 iu
502 2715 620 2814 Italia,
641 2715 821 2817 verebare,
844 2743 894 2804 ne¹
915 2693 1032 2793 afficio
1051 2715 1256 2792 deessem⁶:
1275 2721 1304 2791 si

299 2841 536 2937 proficiscerer
560 2842 606 2914 ad
629 2840 780 2942 ballum,
803 2842 998 2944 periculum
1015 2858 1051 2918 te
1068 2871 1185 2918 meum
1206 2871 1302 2919 com·
1404 2835 1405 2840 ἵ

298 2964 472 3039 movebat.
500 2966 583 3058 Qun
609 2981 768 3068 tempore
794 2969 914 3044 vidisti
940 2971 1100 3070 prolecto
1127 2997 1186 3050 me
1214 2997 1305 3072 quo-

299 3117 366 3192 que
398 3092 446 3164 ita
479 3093 726 3166 conturbatum
744 3115 772 3194 r,
795 3110 834 3167 ut
857 3121 933 3171 non
959 3095 1190 3198 explicarem,
1217 3097 1306 3198 quid

299 3230 390 3289 esset
413 3217 587 3318 optimum
612 3218 714 3293 lactu.
740 3221 874 3295 Pudori
900 3237 1019 3296 tamen
1045 3221 1306 3297 maluil'nmae-

299 3367 367 3444 que
391 3341 514 3417 cedere
527 3345 554 3445 ⁸,
571 3373 675 3450 qnam
701 3343 822 3420 salutis
849 3375 946 3422 meae
973 3351 1145 3423 rationem
1164 3349 1306 3423 ducere.

299 3467 405 3541 Cuius
436 3496 493 3544 me
521 3473 590 3545 mei
622 3471 705 3546 lacti
740 3475 934 3574 poenituit,
958 3502 1031 3550 non
1057 3491 1129 3549 tam
1155 3492 1309 3577 propter

300 3594 492 3693 periculum
516 3623 651 3698 meum,
676 3625 780 3702 quam
798 3617 946 3702 propter
963 3605 1048 3678 vitia
1065 3601 1197 3702 multa,
1215 3630 1308 3705 quae

297 3718 373 3792 ibit
389 3723 533 3824 offendi,
559 3751 630 3827 quo
647 3751 820 3802 veneram.
846 3725 1004 3802 Primuin
1023 3753 1137 3831 neque
1155 3755 1310 3828 magnas

298 3847 416 3945 copias
423 3905 433 3946 ,
458 3875 571 3953 neque
596 3851 778 3927 bellicosas
799 3871 845 3952 ¹⁰3
874 3855 1018 3953 deinde,
1041 3869 1139 3928 extra
1157 3853 1311 3953 ducem,

296 3997 494 4077 paucosque
520 3991 699 4079 praeterea
725 3981 789 4070 (de
815 3982 1034 4083 principibus
1060 3983 1228 4084 loquor),
1250 4009 1310 4056 re-
