2898 4956
313 462 385 534 218
657 481 829 534 :errrore
854 483 957 534 sorr.
1091 483 1121 534 t.
1139 487 1173 536 u.
1191 485 1220 534 e.
1239 499 1288 549 ⁷07

736 709 875 788 cmv.
1040 753 1095 814 (M
1109 753 1227 818 M,
1245 759 1289 818 ,ῃ

310 891 532 973 Argrmrentum.
551 889 658 968 Quum
678 887 790 952 Caeser
808 887 957 952 militibus
982 909 1073 973 egros
1092 891 1245 954 divisurus
1264 893 1313 956 di-

349 1007 487 1075 ceretur3
511 997 624 1060 Paetus
649 1007 807 1076 metuens,
835 1017 874 1060 ne
905 997 1014 1061 divisio
1039 998 1079 1060 ed
1098 1021 1168 1061 suos
1189 1021 1313 1084 quoque

348 1129 438 1191 egros
457 1109 638 1191 pertineret,
656 1116 817 1190 rogaverat
838 1103 1032 1180 Ciceronem,
1047 1117 1083 1168 ut
1095 1106 1151 1169 sibi
1170 1109 1262 1192 quod.
1274 1109 1313 1172 de

348 1213 409 1278 boo
433 1217 556 1297 negotio
588 1217 676 1276 sciret
701 1215 750 1276 vei
777 1215 914 1276 futurum
936 1225 1077 1298 putaret,
1102 1215 1310 1298 perscriberet.

348 1322 455 1384 Cicero
475 1321 656 1405 respondet,
681 1343 714 1384 re
733 1321 772 1383 de
791 1325 849 1386 isto
869 1323 1005 1407 periculo
1026 1325 1100 1384 certi
1120 1322 1196 1385 nibil
1217 1327 1311 1398 seire,

348 1450 405 1490 nee
424 1426 524 1490 eribue
544 1431 708 1512 quiequam
729 1425 867 1504 audisse,
895 1429 1021 1492 serendo
1047 1441 1149 1492 temen
1169 1430 1311 1492 arbitrari

348 1555 558 1618 quacumque
577 1535 749 1598 eoeiderint.

482 1769 537 1824 Ser.
558 1767 653 1823 bomne
672 1771 703 1824 A.
722 1759 755 1822 Vl
773 1766 802 1824 C.
821 1770 959 1840 nccvss,
977 1771 1014 1824 bi.
1031 1773 1131 1826 Sextili.

526 1993 670 2061 CICERO
687 1995 723 2062 L.
740 1993 900 2078 PAPIRIO
917 1992 1050 2062 PAETO
1068 1997 1097 2062 S.

255 2243 261 2256 ·
357 2227 469 2303 Nou⁸
496 2239 535 2302 tu
560 2225 672 2324 homo
698 2227 866 2304 ridiculus
891 2255 945 2332 es,
963 2233 1040 2336 qui,
1056 2259 1165 2336 quum
1180 2231 1312 2306 Balbus

309 2368 432 2444 noster
462 2355 561 2460 apud
591 2371 627 2437 te
659 2335 781 2458 buerit,
813 2381 856 2434 ex
880 2383 937 2436 me
965 2383 1128 2460 quaeres,
1156 2357 1240 2460 quid
1265 2357 1312 2434 de

308 2485 385 2566 istis
406 2488 619 2590 municipiis
645 2501 682 2563 et
708 2489 831 2588 egris¹
857 2485 1014 2565 futurum
1038 2483 1187 2587 putem?
1213 2486 1315 2588 quasi

307 2627 461 2714 eutlego
485 2615 679 2718 quisquan
701 2611 833 2712 roiam,
862 2612 961 2716 quod
984 2613 1051 2686 iste
1074 2612 1228 2712 neseirt3
1253 2625 1316 2686 aut

306 2739 337 2812 si
361 2739 449 2844 quid
473 2739 663 2843 aliquando
688 2743 779 2842 seio,
804 2765 878 2814 uon
903 2763 946 2814 ex
970 2741 1040 2813 isto
1064 2737 1313 2814 soleam-seire.

306 2865 422 2938 l'mmo
446 2891 549 2968 vem,
574 2866 604 2941 si
627 2865 686 2941 me
711 2895 826 2968 umas,
852 2881 890 2944 tu
915 2865 990 2968 fac,
1014 2879 1056 2941 ut
1080 2867 1206 2968 scium,
1228 2865 1314 2969 quid

308 2989 353 3066 de
376 2989 481 3066 nobis
506 2993 661 3069 futurum
687 2996 741 3069 sit.
778 2993 942 3069 Habuisti
974 2995 1068 3068 enim
1096 2996 1134 3068 in
1160 3008 1222 3067 tua
1247 3019 1314 3094 po-

306 3131 455 3220 testate„
474 3146 520 3220 ere
543 3149 614 3224 qun
641 3120 766 3203 velex
790 3122 928 3223 sobrio,
944 3121 1002 3198 vel
1026 3135 1120 3200 certe
1145 3145 1190 3194 ex
1215 3119 1314 3194 ebrio

305 3247 400 3325 scire
420 3251 578 3347 possessi
606 3247 684 3328 Sed.
702 3276 767 3350 ogo
792 3251 879 3349 ista,
903 3251 953 3325 mi
967 3249 1094 3346 Paete,
1111 3272 1186 3325 uon
1210 3271 1314 3348 quee-

305 3395 371 3444 ro:
393 3375 548 3474 primum
573 3378 656 3481 qu'n
680 3377 849 3451 delerem
882 3401 997 3478 prope
1028 3376 1101 3450 iem
1126 3373 1314 3476 quadrien·

304 3499 403 3572 nium
428 3501 624 3604 vivimusi5
648 3503 678 3578 si
704 3501 859 3578 author
884 3501 1120 3600 luerumest,
1145 3513 1208 3576 aut
1227 3500 1313 3574 bueo

305 3627 379 3736 vite
391 3682 401 3727 ,
438 3631 665 3730 superstitem
701 3633 757 3706 rei·
789 3613 960 3732 publicae
986 3621 1126 3702 vivere:
1164 3625 1313 3722 deinde,

306 3751 402 3852 quod
427 3758 517 3830 scire
543 3781 685 3861 quoque
711 3757 798 3830 mibi
822 3757 961 3856 videor,
978 3755 1063 3858 quid
1079 3755 1238 3826 futurum
1258 3751 1310 3824 sit.

308 3874 390 3949 Fiet
414 3882 517 3954 enim
534 3884 782 3985 quodcumque
808 3881 948 3982 volent,
968 3881 1028 3983 qui
1052 3877 1239 3954 valebunt:
1255 3901 1312 3953 vu·

309 4000 430 4077 iebunt
455 4021 573 4084 autem
599 4036 737 4112 semper
761 4034 866 4084 erma.
884 4007 976 4082 Satis
994 4008 1102 4106 igitur
1117 4003 1223 4083 nobis
1240 4025 1314 4078 esse
