2898 4956
321 429 387 501 182
641 390 810 492 eersrods
837 439 975 492 coxcvr.
1090 441 1121 492 s.
1139 445 1174 492 v.
1192 443 1222 493 c.
1238 457 1285 508 nt

317 552 516 650 imctusqne
535 546 714 621 doctrinae
730 545 884 646 percipis
901 569 974 644 eos,
986 545 1048 646 qni
1063 545 1208 618 maximi
1225 561 1317 648 sunt,

318 691 358 750 ut
382 703 422 750 en
448 667 664 774 consideres,
689 697 798 773 esque
826 685 971 772 tractes,
998 696 1147 774 quornm
1172 687 1209 746 et
1233 697 1316 748 usos

317 817 353 878 et
378 800 564 876 delectatio
589 813 643 872 est
669 797 833 877 omnibus
857 797 1003 872 istomm
1029 810 1065 870 et
1090 799 1178 871 actis
1202 813 1241 872 et
1257 825 1317 872 vo·

315 928 509 1029 luptatibus
523 943 553 994 ²⁷
581 924 835 1026 anteponendo.
861 923 1035 1026 Equidem
1061 907 1126 998 hos
1148 938 1228 999 tuos
1245 925 1314 999 Tu·

315 1044 546 1130 scnisnenses'
563 1053 637 1128 dies
654 1054 686 1104 ²⁸
711 1053 821 1125 instar
846 1076 920 1126 csse
946 1053 1038 1124 vitae
1063 1065 1152 1152 puto
1164 1080 1175 1152 3
1202 1049 1317 1124 liben-

314 1195 438 1283 terque
462 1180 625 1256 omnibus
649 1201 773 1254 omnes
796 1203 885 1280 opes
907 1179 1156 1277 concesserim,
1172 1192 1215 1252 ut
1231 1179 1315 1251 mihi

314 1306 441 1404 liceat,
478 1307 512 1379 vi
543 1305 640 1378 nulls
664 1303 931 1406 interpellente,
960 1304 1028 1377 isto
1053 1303 1170 1377 modo·
1189 1305 1316 1378 vivom

314 1431 424 1524 Quod
449 1458 514 1504 nos
541 1449 681 1534 quoque
704 1430 899 1530 imitemur,
928 1443 968 1503 nt
992 1449 1195 1531 possumne,
1219 1443 1258 1503 et
1281 1431 1317 1502 in

313 1559 444 1632 nostris
480 1555 604 1630 studiis
636 1549 866 1630 libentissime
903 1558 1189 1658 conquiescimus.
1228 1558 1317 1649 Quis

317 1685 411 1756 enim
435 1682 504 1758 hoc
529 1709 603 1756 non
631 1681 766 1791 dederit
791 1683 912 1784 nobis,
928 1669 1096 1786 ut'quum
1122 1703 1230 1784 opere
1256 1707 1318 1756 no-

203 1857 209 1874 ·
315 1824 388 1884 stre
421 1810 533 1911 patria
561 1809 640 1884 sive
673 1835 746 1883 non
779 1811 890 1910 possit
923 1812 973 1883 uti
986 1865 997 1908 ‚
1033 1806 1106 1882 sive
1138 1807 1246 1907 nolit,
1271 1807 1318 1881 ed

311 1954 394 2009 'eam
419 1937 527 2008 vitem
554 1949 788 2034 revertamus,
821 1963 926 2036 qnam
951 1935 1054 2009 mutii
1079 1935 1177 2010 docti
1202 1934 1316 2008 homi-

314 2075 378 2162 nes
385 2116 396 2158 ‚
418 2060 568 2134 iortosse
591 2083 666 2134 non
691 2073 807 2158 recte,
833 2059 898 2132 sod
921 2071 1040 2134 umen
1064 2060 1185 2158 multi,
1206 2062 1318 2135 eoam

207 2283 211 2290 1
310 2188 365 2258 'rei
389 2183 553 2286 publicae
578 2185 865 2288 praeponendam
885 2185 1119 2288 putavemnti
1138 2187 1242 2279 Quae
1257 2188 1317 2286 igi-

316 2324 374 2385 tur
397 2311 532 2414 studia,
556 2327 763 2412 magnonmt
781 2299 970 2386 'hominum
996 2315 1191 2411 sententia,
1216 2335 1316 2387 vace—

311 2421 448 2513 ¹tionem
471 2435 604 2514 habent
630 2441 781 2514 etiamn
805 2439 939 2542 publici
964 2441 1135 2539 muneris3
1156 2439 1218 2541 iis,
1235 2467 1317 2515 con·

316 2565 462 2640 cedente
495 2595 532 2640 re
565 2566 706 2669 publica
717 2625 729 2668 ,
762 2595 825 2641 cur
857 2593 931 2642 non
964 2565 1170 2641 abutamur-t
1187 2569 1220 2617 ³⁰
1247 2564 1316 2640 Sed

311 2689 394 2790 phe
416 2691 526 2790 'fretcio⁷
552 2713 659 2792 essem
682 2695 852 2768 Caninius
876 2693 1068 2770 mandevit.
1094 2696 1129 2768 Is
1156 2696 1270 2792 enim,
1287 2695 1315 2768 si

315 2813 401 2915 quid
425 2841 490 2914 ego
510 2818 659 2917 scirem,
683 2834 839 2919 rogaret,
865 2819 962 2922 qnod
987 2834 1024 2894 m
1050 2823 1221 2896 nescires:
1250 2845 1313 2919 ego

314 2938 380 3013 tihi
405 2965 446 3012 ea
470 2959 598 3040 narro,
632 2961 721 3044 quoe
750 2960 792 3017 tn
818 2946 940 3020 meiius
965 2949 1056 3046 scis,
1084 2964 1192 3049 qnam
1216 2950 1314 3050 ipse,

315 3065 375 3168 qui
400 3081 512 3140 narro.
540 3066 682 3141 Faciam
705 3087 789 3170 ergo
811 3070 919 3169 iliud,
936 3073 1033 3174 qnod
1049 3087 1195 3173 rogetus
1221 3099 1314 3171 snm,

314 3207 520 3294 uteorum,
556 3221 645 3298 qnae
678 3198 845 3298 temporis
875 3189 982 3272 irnius
1016 3199 1107 3300 sint,
1138 3226 1229 3302 quae
1254 3215 1313 3274 tua

313 3319 479 3394 interesse
505 3315 708 3422 audiero31,
732 3347 777 3396 ne
803 3323 888 3426 quid
914 3325 1060 3424 ignores.

718 3573 929 3650 CDXLVH.
1062 3621 1117 3678 (nr
1130 3622 1188 3667 on.
1204 3623 1290 3682 uta)

308 3751 531 3831 Argumentum.
549 3745 614 3810 iem
636 3755 788 3810 metm-um
810 3771 873 3812 esse
893 3755 951 3825 eit,
965 3756 999 3812 u‘t
1012 3747 1051 3812 at
1067 3751 1142 3814 urbe
1162 3757 1312 3830 discedet;

354 3867 384 3914 et
403 3853 440 3916 de
461 3857 594 3917 Caeseti-is
615 3877 650 3917 ex
665 3853 806 3917 'd'fricdno
822 3850 907 3919 bello
928 3851 1078 3921 redeuntis
1094 3860 1201 3924 itinere
1215 3863 1310 3924 diror-

354 3979 401 4020 sos
423 3983 557 4024 memores
579 3965 702 4022 nuntiat.
