2932 4954
332 411 403 486 522
698 432 967 486 Aruoutrrortsu

334 537 369 599 15
389 536 504 598 Eadem
524 533 689 616 columitas,
708 537 767 596 scil.
781 536 894 600 bellurn
907 537 1008 618 civile,
1021 549 1185 624 utmmque
1198 552 1332 602 nostrum
1440 519 1441 554 i

345 681 351 689 ·
369 647 521 728 percussit.

331 751 368 814 16
388 751 481 831 Quod
503 755 614 832 grntioe
635 751 706 812 mihi
727 764 871 836 superest.
890 751 977 813 Amb.
996 751 1032 814 15
1045 753 1193 838 reliquum
1212 757 1335 836 gratiae.

369 856 441 920 Mox
463 859 601 922 Schiltzio
621 859 741 922 videtur
766 857 928 922 delendum
951 863 1051 942 gratio
1077 881 1116 922 eo
1135 863 1221 946 quod
1242 864 1336 927 incul-

370 979 456 1030 catur
475 967 514 1030 nb
535 967 668 1028 anteced.

335 1078 538 1160 17nevocavi
571 1075 727 1137 lectionem
752 1073 904 1158 vulgatum
936 1077 1090 1158 antiquam
1114 1079 1252 1140 omniurn
1278 1079 1336 1141 fere

372 1194 441 1246 vett.
463 1183 622 1263 librorum,
642 1201 733 1266 quom
753 1181 832 1245 bene
852 1182 985 1244 defendit
1004 1185 1170 1263 Graevius,
1193 1188 1336 1269 quicquid

374 1292 422 1354 ulii
443 1293 548 1354 dicunt.
570 1292 706 1354 Aliinon
723 1291 814 1353 modo
834 1311 912 1352 mmo
931 1289 1063 1353 seewtda
1073 1337 1084 1366 ,
1115 1313 1194 1376 quoe
1215 1295 1336 1376 quidem

373 1423 432 1462 non
454 1412 601 1485 repugnat
621 1401 737 1480 sensui,
757 1399 810 1462 sed
830 1399 923 1460 ulteru
937 1399 1048 1460 'melius
1069 1402 1218 1481 congruit.

757 1639 918 1702 CDLXVI.

339 1849 350 1891 r
374 1831 434 1890 Aut
453 1829 644 1912 hyperbolice
665 1823 885 1910 accipiendum,
915 1837 970 1888 eut
988 1847 1045 1910 pro
1064 1828 1266 1908 singularem,
1288 1840 1338 1888 eut

374 1957 431 2019 pro
452 1913 482 1996 io
499 1937 617 2018 paucis.
639 1936 683 1997 Itu
703 1935 816 1996 Victor.
838 1935 947 1996 Gruev.
972 1945 1003 1996 et
1032 1937 1211 1996 recentiores
1242 1935 1340 1996 edide-

375 2055 462 2126 runt3
490 2045 543 2104 etsi
563 2043 677 2104 Manui.
698 2041 805 2103 Lcmb.
826 2042 935 2125 aliique
955 2053 1024 2104 vett.
1045 2046 1211 2125 receperint
1232 2044 1341 2104 vimm-

375 2169 432 2233 que
452 2149 549 2232 sort,
569 2149 652 2232 quod
671 2154 765 2210 nostri
792 2131 898 2211 omnes
920 2161 1039 2233 praeter
1062 2171 1158 2210 uncini
1178 2147 1294 2211 habent
1313 2161 1340 2212 et

376 2257 504 2319 oliorum
523 2258 660 2341 plurimi,
679 2259 779 2318 nescio
799 2279 891 2341 quam
911 2257 988 2318 bene
1015 2259 1208 2318 coniunctum
1230 2269 1272 2338 τῷ
1291 2260 1343 2318 io-

376 2368 500 2441 minem,
514 2377 544 2430 et
557 2367 717 2450 repetitum
732 2387 750 2426 a
764 2383 849 2449 prox.
863 2365 1000 2449 praeced.
1020 2366 1123 2426 dmm.
1137 2361 1223 2426 ldem
1236 2363 1341 2426 anb.

376 2497 470 2560 neque
489 2475 682 2561 conliniare,
703 2486 739 2535 ut
758 2493 856 2558 supro.

337 2603 357 2643 2
378 2583 420 2644 10.
441 2583 544 2644 Rivius
565 2587 607 2644 ait
626 2601 689 2645 esse
709 2584 739 2643 in
770 2593 848 2642 msto
879 2579 1088 2664 exemplario.
1109 2579 1139 2640 d.
1160 2593 1214 2639 uia
1234 2599 1343 2654 coroa,

308 2717 323 2746 ο
377 2711 455 2773 quae
472 2711 612 2774 possum3
633 2701 664 2752 et
682 2689 741 2752 hoc
761 2700 939 2772 receperunt
951 2686 1073 2748 -Manue
1094 2687 1201 2747 Lemb.
1225 2685 1343 2771 aliique,

378 2809 409 2858 ct
428 2817 463 2858 ex
482 2797 695 2858 recentioribus
715 2797 812 2878 Oliv.3
827 2808 857 2858 et
869 2815 939 2858 sone
957 2798 987 2856 in
1006 2795 1129 2878 vulgatu
1149 2815 1254 2856 sensus
1275 2817 1345 2858 ouu-

378 2915 456 2964 store
476 2924 537 2964 non
558 2915 675 2988 potest,
702 2907 756 2965 nisi
783 2925 818 2966 ea
843 2903 936 2965 verbo
957 2903 1127 2965 subaudies.
1149 2899 1215 2986 ipse
1238 2902 1345 2964 Lcnrb.

379 3031 468 3093 supro¹
489 3023 517 3071 et
535 3009 580 3072 ad
597 3011 718 3083 omnim
739 3011 823 3094 quod
843 3032 938 3095 oeque
952 3031 1057 3072 verum
1071 3031 1134 3072 esse
1147 3021 1256 3093 potest
1272 3011 1345 3072 Mox

379 3115 459 3178 idem
480 3117 545 3179 cod.
568 3119 647 3202 opud
669 3119 787 3182 Rivium
817 3117 873 3180 ced
900 3139 937 3182 ea
966 3119 1056 3180 etiam
1079 3137 1158 3202 quae
1181 3137 1235 3202 p.,·
1261 3117 1345 3200 quod

379 3245 449 3286 sane
469 3225 517 3285 hic
542 3227 647 3287 meiius
678 3237 708 3288 ct
733 3229 828 3308 magis
859 3226 1059 3309 euphonicunr
1086 3246 1179 3308 quem
1205 3245 1344 3308 quoque5

379 3335 464 3416 peius
484 3355 556 3394 vero
574 3334 666 3415 vulgo
679 3333 735 3395 sed
751 3355 789 3396 ea
808 3355 927 3418 quoquc
940 3335 1030 3394 etiam
1044 3353 1121 3417 quoe
1135 3351 1195 3392 non
1212 3333 1344 3414 possim,
1442 3351 1443 3372 ¹

380 3441 429 3502 eiii
439 3462 572 3524 possum.
585 3441 663 3504 Vide
676 3443 784 3503 Gruev.
798 3443 935 3523 Denique
952 3455 1053 3524 putem
1069 3441 1168 3522 recepi
1183 3461 1221 3500 ex
1235 3438 1345 3500 Ambo.

380 3550 512 3632 aliquot,
539 3549 599 3612 Zel.
625 3552 651 3611 A
677 3561 708 3612 et
733 3552 803 3612 Rec.
826 3547 948 3631 aliisque
969 3549 1050 3632 opud
1071 3547 1264 3628 Ernestium‚
1291 3567 1346 3629 pro

379 3657 500 3740 vulgato
520 3657 698 3718 inverisimiii
716 3671 839 3742 putem
867 3677 958 3739 narn,
983 3668 1018 3717 ut
1042 3659 1101 3716 ium
1126 3653 1207 3716 idern
1229 3655 1346 3714 Emest.
1442 3715 1443 3724 χ

379 3765 474 3847 vidit,
504 3764 636 3827 Mer-celii
666 3785 765 3846 uxor,
791 3765 876 3826 liberi
902 3775 957 3826 etc.
978 3782 1038 3824 noo
1059 3772 1199 3846 poterunt
1218 3771 1347 3845 putore,

380 3870 553 3936 Ciceronem
568 3889 609 3934 'ee
630 3873 740 3934 debere
760 3885 910 3956 praestare
937 3893 1015 3955 qrrse
1039 3893 1099 3932 non
1124 3880 1233 3953 posset.
1261 3869 1346 3929 Cice-

382 3982 461 4040 ronis
481 3978 538 4040 hoc
560 3991 604 4040 est
623 3983 755 4062 cogitare
775 4001 806 4039 se
827 3977 913 4063 pluro
935 3981 1045 4041 debere
1066 3999 1157 4060 quam
1178 3980 1291 4060 possit.¹
1442 4015 1443 4056 p
