2910 4954
340 453 411 555 276
668 472 838 524 srrsrouu
864 475 985 524 cntxx.
1114 475 1146 523 s.
1163 477 1196 524 v.
1215 479 1243 525 c
1264 489 1312 540 m

460 703 515 757 se.
534 701 628 756 ame
646 702 677 754 a.
696 701 729 754 v.
747 701 776 754 r.
795 700 933 766 sceau,
950 701 986 754 u.
1004 702 1075 772 seps.
1093 713 1214 759 amu.

502 893 546 958 n.
572 893 608 956 r.
633 851 777 958 crosso
803 893 838 956 s.
862 892 1057 958 ussctuss
1082 895 1112 958 s
1136 895 1175 958 n.

385 1083 520 1158 Vereor
536 1098 560 1182 ¹,
575 1107 619 1154 ne
638 1079 813 1154 desideres
833 1079 987 1154 officium
1010 1107 1145 1182 meum,
1162 1082 1259 1186 qrrod
1278 1084 1340 1158 tibi

335 1235 401 1311 pro
426 1223 546 1284 nostra
563 1221 600 1283 et
614 1208 819 1282 meritorum
842 1204 1052 1307 multorum,
1073 1222 1110 1284 et
1125 1209 1341 1308 studiorum,

335 1351 371 1410 et
394 1336 547 1438 partium
573 1334 822 1409 coniunctione
840 1351 865 1432 ²,
892 1333 1012 1408 deesse
1037 1359 1112 1410 non
1137 1335 1260 1410 debet:
1277 1337 1340 1412 sed
1432 1325 1433 1374 ³

334 1478 454 1538 tamen
479 1485 602 1536 vereor
616 1461 641 1560 ³,
659 1486 705 1534 ne
721 1459 901 1534 literarum
928 1487 948 1534 a
974 1488 1031 1534 me
1056 1461 1210 1536 officium
1228 1465 1341 1566 requi-

333 1583 405 1686 ras3
430 1612 516 1688 quas
540 1585 604 1660 tibi
628 1600 666 1660 et
680 1587 749 1659 iam
767 1584 922 1687 pridem,
948 1601 984 1660 ct
1009 1613 1114 1688 saepe
1130 1590 1303 1669 misissem
1312 1589 1340 1689 l,

333 1714 402 1790 nisi
439 1712 597 1814 quotidie
633 1711 756 1787 melius
789 1727 1020 1814 exspectans,
1048 1713 1339 1817 gratulationem,

334 1866 441 1944 quam
466 1840 769 1915 confirmationem
795 1840 902 1913 animi
929 1841 980 1914 tui
1015 1840 1204 1942 complecti
1229 1841 1337 1916 literis

331 1966 541 2040 maluissem.
570 1965 673 2040 Nunc
690 1967 716 2065 ⁵,
741 1979 781 2044 ut
805 1992 927 2067 spero,
951 1967 1051 2044 brevi
1077 1968 1336 2068 gratulabimur.

331 2094 456 2194 Itaque
481 2094 518 2165 in
544 2091 639 2166 aliud
665 2107 805 2192 tempus
833 2092 872 2166 id
897 2109 1141 2195 argumentum
1166 2096 1337 2197 epistolae

332 2218 457 2293 differo
473 2222 500 2291 ὅ.
525 2219 591 2293 His
615 2231 732 2291 autem
760 2217 868 2294 literis
901 2223 1057 2295 animum
1089 2236 1207 2323 tuum,
1232 2219 1336 2326 quem

331 2346 475 2420 minime
500 2342 737 2419 imbecillem!
756 2369 832 2420 esso
856 2360 893 2420 et
918 2349 1046 2447 audio,
1069 2363 1106 2423 et
1129 2377 1253 2451 spero,
1271 2352 1337 2426 etsi

330 2498 404 2548 nou
430 2471 696 2574 sapientissimi,
721 2485 758 2547 at
783 2473 1017 2546 amicissimi⁸
1043 2473 1197 2549 bominis
1216 2491 1336 2550 aucto·
1432 2499 1433 2548 s

331 2601 452 2698 ritate,
477 2597 758 2678 confirmandum
774 2601 880 2674 etiam
901 2613 1006 2700 atquc
1024 2603 1129 2678 etiam
1147 2615 1255 2702 puto:
1271 2629 1334 2676 nec
1432 2593 1433 2668 i

330 2727 372 2798 iis
397 2724 540 2825 quidem
565 2723 699 2823 vorbis,
715 2724 842 2826 quibus
861 2739 895 2798 te
913 2726 1076 2802 consoler
1091 2742 1132 2800 ut
1147 2726 1335 2824 afflictum,

330 2863 367 2921 et
390 2850 461 2923 iarn
486 2851 584 2928 omni
609 2875 672 2948 spe
697 2848 819 2924 salutis
841 2851 1022 2930 orbatum:
1039 2853 1102 2932 sed
1119 2869 1159 2932 ut
1175 2881 1278 2956 eum,
1292 2855 1333 2928 de

331 2975 429 3046 cuius
466 2972 706 3046 incolumitate
740 2999 814 3048 non
847 2976 927 3077 plus
961 2977 1142 3080 dubitem,
1169 3009 1278 3083 quam
1303 2995 1334 3057 tc
1432 3029 1433 3040 ³

332 3100 474 3172 memini
500 3097 661 3172 dubitare
694 3097 738 3172 de
769 3125 854 3173 mea.
886 3103 979 3178 Nam
1015 3134 1123 3210 quum
1148 3132 1205 3181 me
1231 3135 1276 3182 ex
1299 3133 1333 3182 re

329 3225 472 3328 publioa
509 3224 724 3326 expulissent
756 3227 779 3298 ii
790 3283 803 3325 ,
837 3231 897 3329 qui
929 3231 1025 3306 illam
1056 3234 1181 3310 cadere
1210 3261 1334 3336 posse,

329 3367 445 3431 stante
469 3379 547 3454 me,
571 3377 644 3428 non
670 3362 1060 3462 putarent931ncmini,
1084 3388 1141 3438 me
1157 3387 1201 3438 ex
1217 3361 1333 3437 multis

327 3479 546 3582 hospitibus,
562 3483 624 3584 qui
641 3481 689 3554 ad
704 3507 760 3558 mc
777 3507 821 3557 ex
837 3483 939 3584 Asia,
956 3489 994 3560 in
1020 3515 1089 3591 qua
1107 3504 1145 3562 tu
1164 3515 1330 3588 eras,ve·

327 3623 455 3684 nerant
469 3623 510 3709 ¹⁰,
525 3608 662 3708 audire,
679 3623 715 3687 te
732 3608 777 3682 de
795 3609 948 3710 glorioso
962 3628 999 3688 et
1012 3615 1114 3690 celeri
1127 3615 1242 3689 reditu
1256 3638 1331 3688 meo

329 3737 546 3811 confirmare.
579 3735 616 3809 Si
649 3749 685 3810 te
710 3736 800 3811 ratio
835 3739 1007 3840 quaedam
1034 3745 1203 3818 Etruscae
1231 3742 1330 3823 disci-

327 3857 445 3960 plinae
464 3879 505 3962 ¹¹,
530 3889 636 3965 quam
653 3891 671 3937 a
690 3877 806 3965 patre,
830 3864 1050 3945 nobilissimo
1074 3883 1179 3972 atque
1196 3869 1329 3970 optimo

327 3985 420 4084 viro,
452 4013 655 4092 acceperas,
680 4017 753 4070 non
777 3991 912 4094 fefellit,
937 4022 981 4071 ne
1006 4022 1072 4070 nos
1098 3995 1241 4102 quidem
1267 4019 1329 4073 no·
