2932 4954
331 401 403 476 556
690 416 962 468 annorarronrs

328 527 349 590 5
369 527 481 586 Forma
500 523 576 585 baec
597 522 737 604 loqirendi
759 521 931 582 Sobiltainm
957 519 1101 604 offendit,
1128 521 1261 606 ideoque
1282 549 1338 588 flu.

369 633 473 694 dacter
491 633 617 692 mutavit
637 631 667 690 in
689 631 822 713 Reliquis
842 631 925 690 urbis
943 629 1109 690 commodis
1129 651 1182 711 ego
1204 644 1260 692 eto
1281 636 1337 695 lle·

368 763 428 824 que
449 739 576 800 insolens
596 749 641 799 est
660 737 793 820 locutio,
823 748 853 798 et
879 748 924 798 est
948 757 1005 820 pro
1026 737 1174 800 eirunwdi
1193 755 1284 816 sum,
1306 756 1337 802 ut

370 849 417 908 liis
436 867 489 928 ego
502 879 545 892 -·
556 865 695 906 camna

331 953 456 1016 ssldem
486 951 603 1014 Sabiitz.
630 959 698 1034 post
723 949 830 1012 Lamb.
862 951 971 1034 Imque
995 951 1053 1012 hoc
1076 970 1102 1014 e.
1131 951 1254 1014 sublato
1281 955 1335 1026 in,-

372 1081 447 1145 quos
467 1059 545 1122 bene
565 1059 703 1121 refellunt
723 1059 868 1120 Graevius
889 1071 920 1120 et
939 1059 1065 1120 Cortius

735 1299 924 1358 CDLXXXJ.

335 1511 346 1550 r
371 1491 473 1568 Quem
487 1488 597 1549 Caesar
610 1485 725 1548 Galliae
737 1485 903 1570 Cisalpinae
916 1487 1071 1570 praebuit,
1086 1507 1133 1570 ep.
1148 1487 1299 1572 CDLXX,
1309 1507 1335 1546 a,

333 1597 454 1658 oldest
474 1616 580 1656 eorunm
610 1613 688 1676 quae
719 1592 758 1654 ad
789 1593 929 1654 familiam
958 1611 1057 1655 meam
1083 1595 1124 1655 ad
1144 1607 1288 1677 oognatos
1308 1604 1336 1657 et

367 1707 550 1766 necessarios
569 1705 744 1786 pertineant
765 1701 882 1762 Schrits.

334 1814 353 1873 3
374 1814 513 1896 Integra3
538 1833 609 1872 nem
629 1811 740 1872 sarcire
760 1821 805 1870 est
825 1812 974 1890 integrum
992 1809 1090 1870 lacere
1112 1811 1335 1890 (conservare)

371 1919 478 2001 Festo,
499 1941 528 2002 p.
549 1915 628 2002 4823
648 1919 750 1978 Livius
769 1917 868 1999 XLII,
889 1939 913 1977 o.
935 1917 969 1977 3:
992 1917 1070 1979 adde
1090 1918 1219 1979 Brisson.
1236 1919 1279 1980 Vl
1299 1919 1335 1980 de

368 2027 468 2086 Form'.
489 2047 518 2108 p.
540 2023 609 2086 518.
629 2023 712 2084 Cort.

329 2132 541 2214 4Cisulpina,
572 2131 624 2190 ubi
655 2142 739 2212 patet
769 2133 925 2213 Arpinates
954 2151 1042 2212 agros
1073 2132 1263 2214 obtinuisse,
1297 2155 1332 2194 ex

370 2238 479 2322 quibus
498 2239 600 2298 locatis
619 2238 774 2321 vectigalia
794 2240 953 2320 exigebant
972 2259 990 2299 a
1012 2237 1131 2301 odonis.
1148 2241 1262 2302 Notum
1282 2263 1334 2301 au·

371 2359 432 2408 tem
453 2358 517 2426 ast,
547 2347 706 2430 municipia
735 2349 825 2407 etiam
846 2359 931 2408 extra
950 2367 1039 2408 suum
1060 2351 1245 2409 territorium
1265 2371 1333 2432 pos·

370 2459 511 2516 sessiones
530 2453 676 2516 habuisse.
696 2453 774 2516 Vide
794 2453 928 2514 Meroeb.
948 2457 979 2514 in
1000 2455 1108 2538 Amph.
1129 2455 1235 2538 Camp.

329 2562 419 2624 5Sic
439 2565 506 2624 msti
535 2563 649 2645 aliquot
668 2562 777 2624 Ambb.
809 2573 840 2623 et
870 2562 997 2624 aliorum
1028 2583 1098 2624 eum
1122 2563 1229 2623 Lamb.
1255 2562 1330 2624 Oliv.

369 2669 499 2752 aliisque.
520 2670 621 2752 Vulgo
641 2669 725 2732 abest
744 2691 788 2731 eo.

326 2775 402 2837 61n
422 2777 484 2837 aliis
504 2781 582 2838 enim
604 2780 769 2860 municipiis
793 2777 840 2839 vel
865 2776 991 2838 dictator
1017 2781 1111 2838 creari
1131 2778 1268 2860 solebat,
1297 2792 1330 2840 ut

366 2883 491 2943 Lanuvii
512 2883 523 2960 l
534 2904 591 2967 pro
611 2885 672 2944 Mil.
685 2883 712 2967 >3
734 2883 780 2944 vel
800 2882 919 2963 consul,
939 2895 975 2944 ut
995 2884 1144 2966 Tusculi3
1169 2884 1217 2945 rel
1240 2887 1330 2969 llvir,

364 3001 399 3051 ut
418 2987 541 3050 Corfinii
563 2991 667 3070 (Caes.
688 2991 760 3052 Bell.
781 2995 835 3052 civ.
857 2992 885 3073 l,
907 2991 963 3073 23,
984 2991 1023 3052 30
1038 2989 1066 3073 )3
1098 2991 1145 3051 vel
1166 2991 1277 3070 IVvir,
1295 3004 1330 3051 ut

366 3099 490 3182 Neapoli
511 3109 541 3159 et
561 3099 662 3158 Cumis
677 3101 747 3182 (pro
767 3099 883 3159 Cluent.
903 3096 960 3181 8),
980 3097 1026 3159 rel
1048 3109 1210 3181 quaestor,
1229 3110 1267 3159 ut
1285 3097 1332 3158 Si-

366 3205 454 3266 dicini
475 3218 506 3268 et
525 3206 645 3266 Ferenti
666 3207 676 3286 (
687 3204 762 3266 Gell.
784 3207 828 3288 X,
850 3205 900 3290 3);
922 3206 1097 3287 Spartianus
1116 3207 1147 3264 in
1168 3204 1330 3265 Hadriano.

365 3313 425 3374 Per
444 3312 554 3396 oppida
574 3316 680 3375 Latina
700 3312 846 3393 dictator,
874 3311 997 3395 aedilis,
1026 3312 1170 3374 duumvir
1189 3310 1257 3374 fieri
1279 3333 1333 3372 ro·

367 3419 431 3481 luit
452 3420 569 3480 Manat.

330 3549 347 3608 7
369 3527 452 3588 ldem
473 3537 528 3610 ost,
543 3526 626 3610 quod
639 3539 727 3590 antea
741 3526 858 3588 dleehn
870 3527 1025 3606 negotium
1037 3527 1211 3610 ‘mtmioipii,
1223 3547 1331 3610 nempe

367 3638 562 3718 pecuniarum
583 3657 600 3696 a
620 3634 730 3697 colonis
751 3633 973 3716 exigendarum.
993 3633 1110 3695 Scuta.
