2906 4950
533 424 570 470 m
596 420 784 472 nrrsronas

604 631 713 690 Dxltt.

165 869 176 908 ι
202 845 287 906 Hanc
313 867 331 906 a
356 845 497 906 Cicerone
530 867 598 906 sene
630 857 759 906 amatam
786 849 965 908 criminatur.
993 850 1031 928 Q.
1057 847 1162 912 Fufius

202 954 329 1016 Calenus
349 953 448 1038 (apud
468 956 596 1015 Dionem
617 953 635 1014 I.
656 954 780 1036 XLVI).
801 956 862 1016 Nec
882 955 1004 1034 Quintil.
1025 956 1100 1039 (VI,
1124 961 1160 1036 4)

201 1075 232 1126 et
251 1065 399 1124 Ausonius
414 1061 460 1144 (in
473 1062 606 1124 Centone
625 1061 763 1144 nuptiali)
783 1073 901 1143 negant
926 1061 1049 1126 Corrad.
1071 1067 1161 1147 Atqui

202 1171 284 1252 apud
304 1170 426 1247 Quintil.
448 1169 520 1230 nihil
539 1172 668 1230 invenies
689 1169 728 1231 de
747 1171 805 1232 hac
826 1170 974 1234 Ciceronis
995 1193 1064 1234 cunr
1085 1174 1162 1234 Cae-

201 1277 285 1338 rellia
304 1276 460 1338 libidinosa
480 1278 714 1361 consuctudine3
735 1289 765 1339 et
783 1277 885 1340 literae
905 1279 945 1340 ad
965 1279 1160 1365 Caerelliam,

202 1405 276 1465 quas
295 1395 443 1446 memorat
465 1386 633 1467 Ausonius,
658 1385 775 1467 Apuleii
806 1397 888 1467 sunt,
914 1406 974 1446 non
1001 1386 1159 1448 Ciceronis.

202 1489 346 1570 Mongalt.
360 1493 407 1551 De
419 1493 516 1552 Dione
530 1491 605 1552 conl.
622 1513 667 1575 ep.
682 1493 875 1574 DLx1113ad
889 1495 947 1554 Au
962 1514 1007 1576 ep.
1020 1495 1162 1575 DCXIII,

201 1596 240 1658 6:
262 1597 338 1658 Miri
360 1609 405 1690 αρ’
417 1597 563 1660 Caerellia
569 1644 579 1673 ,
606 1599 703 1660 sardio
724 1599 855 1662 videteer
871 1601 1080 1684 philosophiae
1093 1601 1163 1683 sto·

199 1725 307 1788 paru,
335 1705 474 1770 describit
490 1727 514 1767 a
533 1708 591 1768 tuis
616 1706 755 1790 (libris):
783 1708 853 1770 istos
878 1708 960 1790 ipsos
980 1707 1017 1770 de
1037 1709 1161 1771 Flatibus

203 1813 299 1874 isabel.
321 1813 449 1875 Videat
469 1835 515 1896 ep.
537 1814 758 1894 Damna

165 1919 348 1982 nPecuaias
370 1921 531 1986 Caerelliae
552 1921 685 2004 debitas3
704 1935 753 2004 ep.
774 1922 940 1983 DLXXXI.

166 2026 292 2088 (lamb.
323 2027 359 2104 14
382 2026 706 2090 necessitudinelnfra
731 2050 787 2111 pro
807 2028 919 2113 officiis
940 2028 986 2090 cd.
1007 2029 1094 2090 Rom.
1115 2029 1164 2090 bo·

203 2135 327 2214 neficiis.

164 2241 187 2318 4
206 2240 350 2304 Senatum
370 2245 554 2325 privatorum
580 2245 669 2306 etiam
695 2245 819 2324 negotiis
842 2264 874 2305 se
893 2246 1083 2304 immiscuisse
1104 2248 1161 2304 iam

205 2350 332 2412 vidimus
353 2371 398 2434 ep.
420 2351 506 2433 CCL,
525 2349 554 2411 8.
570 2351 644 2412 Mox
663 2351 771 2412 Ambb.
793 2361 853 2412 tres
873 2371 942 2412 cum
961 2351 1031 2412 Rea
1052 2362 1082 2412 at
1102 2351 1161 2410 Zet.

206 2458 230 2517 B
250 2455 481 2518 comacendandi
498 2477 602 2519 causa.

166 2563 187 2626 5
207 2563 274 2625 Scil.
296 2567 448 2644 senatorii,
469 2575 504 2626 ut
523 2575 605 2647 patret
624 2585 662 2625 ex
681 2577 800 2624 senuaar
819 2564 959 2624 consulto.

165 2669 188 2732 6
207 2671 314 2732 amhn.
336 2672 398 2732 duo
419 2693 488 2732 cum
510 2672 638 2754 Hittorp.
658 2682 688 2732 et
706 2671 770 2733 Pal.
790 2669 811 2732 6
831 2669 1010 2751 bernesecens.

611 2913 722 2975 DXIV.

173 3125 183 3162 ι
209 3103 467 3185 Tranquillitatem
485 3103 600 3164 mentis.
621 3101 689 3164 vie
712 3122 759 3184 ep.
780 3099 964 3178 CDXXXII,
984 3108 1044 3158 not
1066 3093 1095 3158 8.
1117 3097 1166 3157 Sic

209 3221 269 3270 tres
289 3209 397 3270 Ambb.
419 3221 449 3270 et
468 3211 537 3270 llec.
559 3209 666 3291 aliique
686 3208 754 3268 libri
773 3217 841 3268 vett.
857 3207 960 3287 etipse
975 3201 1078 3264 Lamb.
1092 3203 1166 3265 Vul-
1192 3257 1198 3267 .

210 3329 309 3400 gatam
341 3321 588 3379 constructionem
617 3315 663 3376 ad
683 3337 750 3398 aeq.
782 3327 808 3374 aa
831 3314 926 3374 animi
946 3311 1041 3394 possit
1060 3323 1166 3393 postea

209 3440 269 3486 ext.
290 3436 326 3486 ut
345 3425 521 3487 adfectatam
543 3423 704 3507 repudiavi.
1011 3423 1014 3429 ’

170 3551 190 3590 a
212 3531 277 3591 Hoc
298 3543 355 3614 est,
376 3535 481 3593 caritas
501 3535 531 3592 iu
551 3543 581 3592 te
602 3551 669 3592 mea
690 3539 825 3590 etamor
844 3547 892 3587 me
912 3525 998 3608 plura
1017 3532 1166 3606 praestare

153 3659 157 3666 ’
211 3642 323 3721 coegit,
343 3661 435 3720 quam
455 3623 547 3700 status
567 3638 616 3700 hic
636 3657 736 3716 meus,
749 3646 780 3696 et
800 3635 894 3717 gratia
914 3653 993 3694 nunc
1012 3635 1168 3692 immutata

210 3757 372 3828 pateretur.

172 3853 190 3912 3
212 3854 291 3915 Idest
313 3853 438 3914 Caesare
459 3863 596 3936 excepto,
618 3863 652 3913 ut
671 3871 718 3934 ep.
740 3848 905 3927 CXLVIII,
926 3847 946 3922 4
965 3848 1042 3904 circa
1062 3841 1111 3902 lin.
1174 3895 1179 3904 .

173 3961 193 4035 4
212 3961 271 4022 Per
292 3959 424 4022 Caesaris
444 3959 616 4040 familiares,
637 3979 697 4020 uon
716 3977 771 4041 per
791 3977 821 4018 se
843 3955 947 4016 Cicero
968 3953 1036 4032 egit.
1062 3950 1094 4010 Si
1113 3970 1169 4007 au·
