2810 4960
605 253 619 298 Q

330 434 401 510 352
675 442 847 506 tarsa-ona
872 455 1001 505 coxon
1107 455 1137 505 a
1155 457 1192 506 v.
1210 457 1239 506 c
1257 469 1302 519 m

328 587 495 664 umquam
527 559 743 632 mentionem
775 560 826 631 tui
857 560 933 632 sine
965 570 1026 632 tua
1059 584 1196 632 summa
1227 558 1320 632 lande

328 689 455 762 fecerit.
487 687 584 786 Lyso
617 711 703 759 vero
736 666 844 788 quum
870 709 1007 760 mecum
1033 710 1147 786 prope
1171 684 1320 786 quotidie

327 811 437 912 esset,
462 837 602 916 unaque
627 812 779 911 viveret,
793 835 870 886 non
893 809 1009 887 sotum
1033 813 1115 914 quia
1140 837 1199 885 me
1222 810 1322 886 liban

328 955 382 1015 ter
406 939 560 1014 audire⁵
585 934 838 1038 arbitrabatur,
870 937 934 1012 sed
959 937 1040 1040 quia
1065 936 1231 1012 libentius
1256 939 1322 1040 ipse

328 1065 554 1170 loquebatur,
579 1064 698 1140 omnia
724 1063 810 1138 mihi
834 1079 896 1139 tua
920 1077 957 1138 et
982 1063 1073 1138 iacta
1094 1077 1132 1138 et
1148 1063 1245 1138 dicta
1261 1063 1322 1138 iau·

329 1193 446 1268 dabat„
471 1195 715 1295 Quapropter,
740 1193 806 1266 etsi
831 1218 852 1266 a
878 1204 914 1265 te
934 1192 985 1266 ita
1002 1205 1186 1292 tractatur,
1203 1205 1246 1265 ut
1260 1192 1322 1266 iam

327 1344 400 1394 non
426 1319 603 1392 desideret
625 1317 971 1392 commendationem
996 1343 1125 1419 meam,
1150 1319 1322 1421 ιιιιίιιῐιιο8

326 1471 364 1520 se
389 1443 610 1528 literismeis
642 1445 761 1520 omnia
793 1458 1023 1521 consecutum
1058 1459 1178 1546 putet3
1210 1459 1320 1520 tamen

325 1598 346 1644 a
372 1584 408 1645 te
432 1584 517 1673 peto
542 1572 580 1644 in
605 1571 774 1645 maiorem
798 1571 959 1671 modum,
983 1585 1024 1646 ut
1047 1598 1129 1646 curn
1153 1565 1265 1645 ctiam
1280 1583 1321 1646 at

324 1722 394 1801 qne
418 1697 524 1770 etiam
549 1697 619 1771 tuis
644 1697 786 1798 officiis,
814 1697 1055 1772 liberalitates
1080 1697 1321 1798 complectare
1388 1731 1389 1750 ι

324 1821 520 1898 Scriberem
545 1823 592 1901 ad
617 1837 669 1923 te,
695 1823 805 1928 qualis
831 1824 885 1901 vir
910 1837 1016 1924 esset,
1031 1837 1072 1897 ut
1087 1821 1318 1926 superioribus

321 1944 431 2024 literis
456 1949 605 2025 seueram
612 2005 623 2050 ,
656 1951 723 2024 nisi
755 1977 836 2024 eum
866 1951 937 2028 iarn
966 1951 1239 2053 perseipsum
1263 1947 1318 2024 tibi

312 2075 415 2170 ,sans
431 2101 506 2161 esse
531 2090 656 2151 notum
681 2076 875 2152 arbitrarer.

723 2331 918 2408 GDXCIH·
1029 2371 1084 2432 (aa
1099 2373 1155 2420 nav.
1171 2373 1240 2433 xm,
1255 2371 1295 2427 ιι)

319 2468 541 2590 {ammomum
571 2510 789 2594 Hegetmatum
821 2511 955 2574 breviter
983 2511 1037 2574 sed
1067 2525 1210 2574 acwrstc
1238 2531 1315 2573 com·
1388 2519 1389 2592 t

360 2616 490 2680 mandat
1388 2603 1389 2626 ¹

588 2798 757 2853 Senticam
775 2802 805 2852 Δ.
820 2799 854 2854 V.
871 2800 901 2854 C.
919 2799 1049 2856 DCCVH.

565 2989 570 2998 ’
636 2997 781 3065 ctcuno
806 2997 948 3064 sentto
974 2999 1004 3063 S.

365 3148 624 3321 Hegesairatus¹
642 3205 861 3306 Larissaeus,
872 3171 1012 3306 magnis
1031 3209 1121 3281 meis
1137 3205 1313 3283 benficiis
1388 3187 1389 3230 ¹

315 3341 460 3400 ornatus
477 3321 520 3401 'in
546 3331 729 3405 consulatu
753 3357 852 3441 meo,
876 3358 1012 3409 memor
1036 3347 1073 3408 et
1098 3349 1219 3433 grano
1234 3334 1311 3428 fuit,

314 3472 449 3573 meque
465 3458 588 3554 postea
615 3456 877 3558 diligentissime
903 3437 1020 3535 coiuit
1045 3463 1155 3536 Ειιιιι
1163 3463 1309 3536 tibima·
1388 3537 1389 3572 ,

310 3587 468 3691 gnope're
493 3585 720 3708 commendo,
745 3600 785 3660 ut
809 3595 845 3660 et
869 3585 1045 3692 hospitem
1070 3614 1191 3663 meum
1211 3587 1309 3662 etia·

314 3698 499 3805 miliarem,
523 3680 559 3781 ¹et
584 3724 721 3809 gratum
746 3712 942 3814 hominem,
966 3729 1004 3789 et
1027 3716 1143 3789 virum
1167 3715 1309 3810 bonum,
1388 3765 1389 3768 =

311 3841 348 3898 et
371 3831 593 3933 principem²
618 3837 770 3913 civitatis
795 3865 893 3938 suae,
908 3853 945 3914 et
969 3854 1028 3914 tna
1052 3841 1309 3916 necessitudine

310 3952 560 4054 dignissimum.
593 3965 798 4065 Pergratum
827 3966 912 4042 mihi
944 3968 1084 4069 seceris,
1116 3971 1145 4044 si
1170 3967 1310 4044 dederis
1388 3957 1389 3962 ¹
