2880 4956
360 449 408 524 30
661 469 831 520 arrsrcan
855 471 1007 520 cccxcvi.
1131 469 1162 518 a.
1179 473 1216 520 v.
1231 474 1260 522 c.
1278 475 1327 536 με

359 590 440 651 runt
464 572 604 677 quidem
629 586 767 671 tantae,
798 585 837 644 ut
870 571 925 670 id,
958 571 1054 674 quod
1080 571 1199 673 vides,
1223 574 1351 650 effece-

358 703 616 800 natalesque
642 725 707 774 nec
734 697 918 800 quid¹ad
950 712 985 771 te
1009 697 1160 772 scribam
1184 698 1229 772 dc
1263 703 1352 775 meis

359 829 485 928 rebus,
520 852 584 899 nec
618 825 703 933 quid
728 851 747 896 a
774 838 808 896 te
834 837 975 925 petam,
1010 826 1155 928 reperio.
1182 825 1292 925 Rem,
1317 844 1354 901 et

359 979 529 1028 summam
566 951 696 1051 negotii
734 950 841 1024 vides.
874 946 1050 1051 Equidem
1081 977 1125 1023 ex
1150 953 1218 1025 tuis
1242 951 1352 1027 literis

357 1079 527 1177 intellexi,
553 1093 588 1152 et
613 1079 672 1176 iis,
695 1101 781 1178 ques
806 1077 1064 1158 communiter³
1081 1101 1163 1158 oum
1178 1075 1255 1151 aliis
1272 1081 1354 1153 scri-

358 1207 474 1309 psisti,
500 1220 535 1280 et
559 1205 619 1302 iis,
644 1229 731 1304 quas
756 1217 819 1277 tuo
842 1203 987 1282 nomine
1012 1203 1128 1304 (quod
1147 1204 1255 1276 aiem
1274 1229 1352 1281 mea

357 1345 484 1432 sponte
508 1327 714 1428 videbam),
750 1342 786 1402 te
818 1327 1137 1402 subdebilitatuml
1161 1353 1272 1404 riores
1298 1357 1351 1404 ra-

358 1460 469 1532 tiones
495 1453 617 1534 tuendi
644 1455 742 1527 mei⁵
769 1479 941 1561 quaerere.

407 1611 427 1687 ῃ
455 1581 563 1676 Quod
588 1576 727 1680 scribis,
744 1580 881 1682 placere
888 1636 898 1680 ,
915 1595 955 1653 ut
974 1579 1119 1682 propius
1145 1535 1312 1655 abcedam
1324 1587 1352 1680 ⁶,

355 1711 489 1810 iterque
513 1734 577 1809 per
602 1706 735 1808 oppida
768 1721 876 1782 noctu
909 1707 1056 1807 faciam,
1090 1733 1164 1781 non
1188 1733 1273 1782 sane
1300 1709 1350 1781 vi-

356 1835 447 1934 deo,
471 1834 767 1937 quemadmodum
792 1834 830 1908 id
854 1835 928 1911 fieri
952 1835 1071 1934 possit.
1109 1833 1232 1935 Neque
1257 1837 1350 1908 enirn

354 1963 402 2034 ita
428 1975 541 2062 uptar
568 1961 681 2035 habeo
708 1961 922 2059 deversoria,
940 1975 986 2034 ut
1010 1973 1086 2036 tots
1112 1975 1270 2061 tempora
1297 1961 1349 2038 di·

354 2073 440 2160 urire
471 2089 508 2158 in
540 2087 593 2160 his
631 2088 763 2187 possim
801 2111 1027 2186 consumere,
1066 2111 1179 2188 neque
1213 2087 1260 2159 ad
1289 2086 1354 2184 id,

354 2212 450 2315 quod
475 2214 625 2314 quaeris,
650 2211 798 2286 multum
823 2215 989 2310 interest,
1013 2227 1130 2286 utrum
1155 2237 1211 2285 me
1238 2213 1347 2286 homi-

353 2364 414 2411 nes
441 2339 477 2410 in
504 2337 638 2438 oppido
664 2339 822 2437 videant,
848 2365 893 2410 an
918 2339 956 2410 in
973 2339 1037 2412 via.
1057 2339 1127 2413 Sed
1145 2354 1261 2412 tamen
1278 2339 1346 2412 lroc

351 2466 490 2565 ipsum,
526 2464 617 2538 sicut
650 2463 732 2562 alia,
769 2463 1020 2564 considerabo,
1051 2463 1345 2566 quemadmodum

353 2589 634 2675 commodissime
660 2591 733 2664 lieri
759 2616 863 2690 posse
889 2589 1056 2664 videatur.

403 2716 528 2813 3Ego
553 2729 697 2814 propter
732 2715 972 2788 incredibilem
1003 2729 1041 2788 et
1071 2717 1179 2790 animi
1203 2731 1241 2790 ct
1268 2743 1344 2791 eor·

352 2841 448 2940 poris
473 2837 667 2912 molestiam
693 2842 864 2915 conficere
895 2841 1012 2941 plures
1040 2840 1157 2914 literas
1182 2867 1254 2916 nou
1280 2869 1344 2944 po-
1426 2817 1427 2868 ³

352 2964 420 3037 tui:
437 2965 479 3037 iis
496 2977 633 3037 mutum
657 2965 834 3066 rescripsi,
860 2993 879 3039 a
906 2965 1030 3068 quibus
1056 2994 1267 3068 acceperam.
1288 2969 1342 3044 Tu
1425 3039 1426 3050 ,

353 3089 457 3164 velim
482 3103 518 3163 et
552 3087 685 3191 Basilo,
717 3105 753 3164 et
786 3091 911 3192 quibus
942 3107 1120 3193 praeterea
1146 3095 1343 3194 ridebitur,

351 3215 459 3290 etiam
483 3215 628 3292 Servilio
645 3218 662 3268 ⁸
687 3215 903 3317 conscribas,
919 3232 959 3290 ut
976 3218 1041 3291 tibi
1059 3217 1247 3318 videbitur,
1263 3245 1342 3295 meo

351 3343 503 3416 nomine.
536 3341 645 3436 Quod
676 3357 775 3420 tento
807 3343 991 3419 intervallo
1016 3343 1102 3421 nihil
1128 3348 1272 3421 omniuo
1298 3348 1343 3421 ad

352 3494 415 3544 vos
432 3485 467 3568 93
502 3469 661 3569 prolecto
696 3469 881 3570 intelligis,
917 3497 990 3544 rem
1023 3469 1108 3544 mihi
1137 3472 1274 3573 deesse,
1299 3473 1342 3547 de

352 3621 420 3695 qua
443 3593 607 3694 scribam,
634 3621 707 3670 non
734 3596 959 3672 voluntatem.

400 3721 555 3815 dQuod
591 3721 636 3794 de
660 3721 804 3796 Vatinio
823 3741 852 3776 ¹⁰
885 3723 1043 3824 quaeris,
1080 3749 1192 3825 neque
1226 3724 1341 3825 illius,

351 3870 462 3948 neque
488 3849 691 3951 cuiusquam
716 3849 801 3922 mihi
824 3863 1002 3950 praeterea
1020 3851 1172 3926 officium
1191 3852 1338 3950 deesset,

351 3971 380 4044 si
404 3975 553 4072 reperire
578 3990 743 4076 possent,
770 4003 838 4077 qua
864 3979 900 4049 in
926 4003 962 4050 rc
988 4005 1044 4050 me
1068 3979 1237 4052 iuvarent.
