2932 4954
274 397 277 406 ⁴
328 409 401 506 480
709 429 978 484 esrnrnrmum

334 537 368 596 13
389 535 597 617 Pompeianos:
624 553 728 618 cipue
747 534 872 608 ὸιὶἱωπ,
898 537 969 616 quia
988 529 1061 594 nihil
1080 531 1200 594 Gaesua'
1221 555 1328 598 cunm

369 641 496 724 debant,
515 662 553 704 ex
573 661 634 724 qun
654 661 702 702 res
721 643 798 704 inter
816 653 959 724 umorque
979 644 1117 724 componi
1137 653 1267 724 possent

335 749 371 828 14
390 749 555 810 Caesarem.
578 747 652 810 Cod.
671 747 759 810 amb.
779 749 948 812 idnunca.
969 771 997 810 n.
1018 763 1038 810 t.
1058 771 1084 810 c.
1104 769 1199 832 quam
1220 749 1330 810 timere.

334 857 370 920 15
390 839 525 950 subaudi
543 855 605 916 vidi
624 877 662 918 ex
681 877 778 940 super.
799 857 849 918 Sic
868 859 961 920 nostri
981 877 1099 938 omnes,
1113 877 1175 918 uno
1195 868 1331 940 excepto,

369 965 478 1046 aliique
498 966 617 1047 optimi,
637 962 686 1026 elii
704 986 734 1026 u.
752 977 810 1040 ert,
824 964 907 1049 qnod
925 968 1001 1026 inter
1017 967 1197 1026 recentiores
1212 963 1330 1028 schum

369 1083 401 1134 et
421 1073 498 1134 Oliv.
518 1083 704 1154 receperunt.

334 1179 371 1242 16
389 1181 487 1242 Nostri
513 1177 625 1262 aliquot
650 1179 757 1262 aliique
780 1199 849 1244 mss.
874 1178 1041 1242 umanum
1064 1179 1139 1240 nto:
1156 1199 1217 1261 pre
1235 1198 1329 1261 qum

369 1288 438 1369 lego
460 1309 553 1370 qratm
582 1286 660 1348 iliud
687 1298 810 1370 propter
836 1308 895 1371 seq.
922 1299 985 1350 mm
1007 1305 1095 1370 vero,
1119 1297 1151 1348 et
1175 1288 1217 1346 ita
1238 1284 1330 1346 edidit

368 1394 540 1458 Lambinus.
561 1396 658 1456 Nostri
670 1415 773 1458 omnes
785 1415 893 1478 porro,
905 1405 1024 1477 praeter
1038 1393 1130 1477 duos,
1143 1393 1330 1474 aloemi
1446 1473 1447 1486 ,

367 1501 444 1570 confi
464 1523 531 1586 epp.
553 1502 746 1585 cccxxvi,
770 1523 804 1564 ia
826 1513 857 1564 et
876 1502 1041 1580 ccxxtli,
1060 1499 1089 1562 5.

334 1631 366 1692 ¹7
388 1609 494 1670 Lemb.
520 1628 563 1690 etc
581 1609 691 1670 nuum
716 1611 837 1670 interitu.
865 1608 960 1670 Cndd
988 1609 1077 1691 aliqui
1102 1619 1133 1670 et
1152 1611 1246 1670 noan-i
1267 1607 1328 1668 duo

368 1738 406 1778 ex
427 1717 542 1778 emend
563 1720 716 1780 r'nteritrm.
738 1717 800 1778 Cur
820 1731 891 1778 vero
910 1715 1021 1778 duriam
1041 1725 1071 1777 et
1083 1735 1145 1776 non
1157 1713 1256 1786 ducis,
1269 1717 1329 1774 sin·
1446 1731 1447 1756 i

369 1825 465 1906 pulcri
483 1843 626 1908 numero,
646 1835 681 1886 ut
698 1821 868 1888 exercitus?
886 1825 1032 1902 Nimirum
1052 1832 1105 1884 aut
1125 1822 1263 1903 Pompeii
1278 1830 1330 1881 ent

369 1931 510 1993 Caesaris.

333 2035 369 2101 18
389 2037 424 2098 ld
443 2041 541 2120 ipsum
560 2040 687 2098 recurrit
705 2041 737 2100 in
756 2059 803 2121 ep
826 2037 1003 2101 cnnxvut
1023 2057 1043 2098 e
1063 2033 1141 2098 med.

332 2165 370 2228 19
388 2145 584 2228 Pompeianos
604 2141 757 2226 significet·
970 2185 973 2195 ·

329 2273 369 2314 ao
388 2251 456 2316 Vid
477 2273 543 2336 epp.
565 2251 858 2335 CDL11,CDLV111
879 2262 909 2314 et
927 2251 1042 2332 DXVI,
1061 2273 1085 2315 ι.
1108 2249 1215 2314 Gracc.
1238 2249 1323 2313 enh.

368 2381 445 2422 nnuc
466 2381 534 2420 cum
554 2359 601 2420 ed
622 2360 695 2420 lens.
715 2361 804 2420 etsie
824 2360 894 2421 min.

329 2489 364 2530 nr
387 2469 434 2542 De
453 2489 535 2552 pace.
556 2467 612 2552 Ep.
635 2467 756 2528 CDLH:
780 2468 864 2550 Quae
883 2488 976 2550 quum
994 2465 1148 2538 vidissem,
1161 2463 1324 2548 desperans
1446 2453 1447 2460 ἵ

368 2578 533 2650 victoriam,
551 2578 683 2658 primum
702 2575 787 2658 coepi
804 2573 931 2646 suadem
946 2595 1071 2657 parere,
1088 2573 1183 2640 ,cuiue
1214 2593 1329 2654 smper

364 2698 470 2744 auctor
478 2683 540 2763 fiii.
562 2685 649 2744 Nunc
670 2703 746 2756 vero,
767 2701 806 2742 ec.
827 2685 857 2742 in
876 2681 934 2742 hoc
947 2681 1188 2745 bedo'di'cicano.
1204 2677 1326 2740 Comd.

329 2810 366 2862 aa
388 2791 491 2867 Quum
510 2809 618 2873 nempe
638 2809 699 2850 uno
718 2789 832 2872 proelio
847 2789 1017 2852 Pharsalico
1037 2787 1128 2858 iidem
1149 2787 1229 2848 civili
1250 2785 1325 2846 bello

367 2894 537 2976 fecerimus,
557 2908 647 2978 atque
667 2895 707 2956 eb
727 2901 815 2958 armis
835 2895 1068 2973 discesserimus,
1089 2905 1124 2958 ut
1143 2904 1189 2955 est
1209 2896 1241 2954 in
1262 2913 1325 2976 epp

368 3003 536 3064 CDXXXII
556 3015 587 3066 et
604 3005 770 3066 cnxxlv.
793 3003 885 3087 Quod
902 3025 962 3066 non
975 3039 1016 3050 —
1033 3003 1092 3064 iliis
1120 3023 1221 3074 cem,
1254 3001 1326 3062 idest

368 3131 435 3172 eum
454 3111 485 3172 il.
506 3111 555 3172 Sic
574 3095 746 3194 Lucretius,
766 3111 786 3173 l.
807 3112 864 3194 111,
884 3133 911 3173 v.
937 3109 1026 3172 1052:

601 3273 696 3326 Eadem
713 3272 768 3326 aliis
784 3271 879 3343 sopitn'
897 3273 984 3342 quiete
1001 3235 1053 3324 cst.
1105 3342 1109 3350 .

368 3433 519 3496 Sententia
539 3445 596 3496 est:
618 3435 700 3517 quod
720 3453 779 3495 non
795 3433 873 3496 idem
887 3430 969 3514 quod
983 3431 1023 3492 illi
1037 3433 1231 3512 sentiremus,
1245 3448 1329 3513 prae·
1446 3427 1447 3452 ¹

366 3543 453 3625 cipue
472 3541 644 3622 Dyrrachii,
665 3541 786 3624 quando
805 3562 854 3602 me
875 3539 983 3602 ducem
1004 3537 1112 3622 eligere
1133 3536 1302 3598 voluertmt.

327 3649 364 3708 23
385 3649 621 3737 Elephantorum
649 3649 756 3729 lubae,
779 3649 1032 3731 Pompeianorum
1058 3650 1089 3706 in
1109 3645 1210 3706 Africa
1239 3637 1328 3724 socii,
1446 3713 1447 3738 ,

365 3776 439 3835 quos
458 3759 489 3816 in
509 3761 602 3818 aciem
622 3767 724 3818 contm
744 3756 901 3818 Caesarem
922 3754 1021 3840 duxit„

325 3860 365 3936 nd
384 3859 469 3922 Vnus
488 3863 575 3924 emb.
602 3865 636 3924 13
657 3885 726 3925 cum
746 3862 851 3924 Lamb.
872 3863 918 3924 vel
935 3861 1013 3924 mori
1022 3879 1033 3946 3
1058 3859 1148 3922 ceseii
1169 3881 1239 3920 cum
1260 3856 1321 3916 aliis

363 3967 433 4028 velie
452 3973 543 4046 nwn',
564 3982 598 4034 ut
618 3983 682 4034 erut
701 3981 769 4050 ante
788 3970 963 4034 Victoriam.
