2898 4956
341 430 412 502 208
679 441 850 489 arrsroua
877 441 982 488 court.
1116 441 1144 488 ι.
1165 445 1196 489 ν.
1215 447 1240 490 c.
1260 456 1306 507 7⁰7
1422 439 1439 524 ᾗ

339 550 424 652 liqui
449 548 599 650 primum
617 547 652 617 in
668 549 746 645 ipso
762 543 856 618 bello
880 570 1038 644 rapaces,
1056 543 1182 616 deiude
1200 545 1237 619 iu
1254 573 1330 624 ora-

340 679 436 751 tioue
466 677 514 748 ita
545 670 762 771 crudeles'11,
787 685 826 743 ut
859 669 972 771 ipsam
996 671 1181 746 victoriam
1210 671 1331 749 borre-

338 829 413 878 rem
419 831 431 902 5
454 802 642 874 maximum
659 811 776 872 autem
793 825 851 872 aes
868 797 1020 874 alienum
1037 797 1330 900 amplissimorum

338 930 493 1010 virorum
512 943 551 999 ¹².
576 925 672 1018 Quid
697 925 854 1027 quaerisl
871 923 958 998 nihil
974 925 1077 1024 boui,
1094 939 1235 1026 praeter
1251 955 1330 1002 cau-

337 1083 420 1129 sam.
446 1057 546 1147 Quae
571 1079 678 1154 quum
703 1049 884 1150 vidissem,
915 1049 1103 1152 desperans
1128 1053 1330 1152 victoriam,

336 1184 488 1282 primum
514 1180 616 1280 coepi
640 1177 786 1252 suadere
811 1203 953 1278 pacem,
976 1178 1074 1252 cuius
1091 1177 1224 1275 fueram
1241 1207 1331 1254 sem-

336 1336 400 1409 per
425 1321 564 1381 auctor:
590 1285 734 1404 deiude,
759 1331 869 1408 quum
893 1303 937 1378 ab
963 1330 1003 1378 aa
1030 1305 1203 1380 sententia
1228 1307 1332 1380 Pom·

337 1436 435 1534 peius
452 1430 554 1504 valde
572 1430 792 1531 abhorreret,
817 1428 962 1504 suadere
980 1431 1129 1530 institui,
1144 1445 1185 1504 ut
1201 1430 1331 1505 bellum

298 1593 305 1606 ν
336 1560 479 1631 «luceret
493 1559 532 1628 ¹³.
550 1555 629 1630 Hoc
641 1552 817 1630 interdum
835 1557 1024 1658 probabat,
1039 1571 1075 1631 et
1089 1558 1126 1630 in
1138 1581 1179 1630 ca
1195 1571 1331 1632 senteu-

336 1687 383 1758 tia
402 1683 586 1758 videbatur
602 1684 692 1784 sore,
717 1699 753 1757 et
777 1683 897 1758 suisset
917 1685 1079 1782 sortasse,
1095 1685 1160 1756 nisi
1179 1685 1331 1782 quadam

335 1837 510 1914 expugna
530 1811 560 1876 ¹4
586 1811 758 1912 coepisset
783 1813 853 1884 suis
879 1811 1047 1884 militibus
1072 1809 1258 1886 confidere.
1277 1815 1331 1886 Ex

335 1965 377 2012 eo
392 1953 549 2040 tempore
562 1939 615 2012 vir
630 1937 688 2010 ille
705 1965 860 2014 summus
878 1937 993 2012 nullus
1010 1938 1201 2039 imperator
1215 1937 1281 2010 fuit
1291 1941 1329 2009 ¹⁵.
1438 1917 1439 1988 l

334 2066 455 2162 Signa,
480 2066 590 2138 tirone
616 2079 652 2137 et
677 2063 866 2148 collectitio
892 2066 1061 2164 exercitu,
1088 2091 1168 2140 cum
1187 2064 1331 2165 legioni·

333 2191 399 2262 bos
437 2188 684 2264 robustissimis
719 2189 869 2264 contulit
887 2193 926 2262 ¹⁶.
952 2191 1077 2264 Victus
1109 2191 1329 2290 turpissime,
1438 2197 1439 2270 ζ

304 2341 307 2348 “
333 2317 467 2392 arnissis
492 2319 595 2390 etiam
622 2319 763 2415 castris,
785 2316 879 2390 solus
902 2315 1000 2415 fugit
1025 2317 1131 2390 Hunc
1156 2341 1222 2414 ego
1246 2315 1328 2388 belli
1438 2297 1439 2376 l

332 2444 415 2517 mihi
441 2445 546 2518 finem
570 2445 635 2518 feci
656 2459 702 2542 ¹73
727 2469 792 2516 nec
819 2445 961 2544 putavi,
986 2469 1098 2546 quum-
1119 2444 1328 2544 iutegripa-

333 2599 386 2645 res
403 2599 475 2646 uon
492 2571 690 2672 fuissemus,
709 2569 835 2646 lractos
853 2572 1050 2674 superiores
1068 2572 1150 2645 sore.
1176 2571 1329 2644 Discessi

332 2695 376 2768 ab
403 2723 445 2770 eo
476 2697 587 2796 bello,
611 2699 646 2770 iu
673 2723 744 2798 quo
770 2699 892 2772 autin
918 2697 992 2772 acie
1025 2696 1223 2772 cadendum
1250 2697 1328 2796 fuit,

333 2834 394 2894 aut
418 2823 454 2894 iu
480 2822 614 2922 aliquas
639 2822 782 2896 iusidias
800 2822 1047 2922 incidendum,
1063 2837 1123 2896 aut
1140 2823 1327 2898 devenien-

332 2946 415 3018 dum
447 2947 486 3020 iu
510 2948 654 3022 victoris
687 2972 828 3045 manus,
852 2949 983 3032 autad
1007 2950 1131 3024 Iubam
1150 2951 1181 3001 ¹⁸
1207 2950 1327 3024 coufu·
1438 3043 1439 3046 Ἴ

312 3057 513 3170 ¹gioridum,
536 3087 599 3145 aut
632 3073 823 3172 capiendus
854 3090 1031 3179 tamquam
1062 3075 1183 3150 exsilio
1213 3075 1326 3170 locus,

329 3211 389 3272 aut
421 3198 670 3272 consciscenda
704 3226 798 3273 mors
830 3203 1033 3278 voluntaria.
1059 3205 1216 3278 cortou
1241 3199 1325 3274 nibil

329 3322 393 3398 l'uit
417 3339 615 3426 praeterea,
640 3327 669 3399 si
695 3340 730 3398 te
756 3327 878 3400 victori
905 3327 1039 3428 nolles,
1064 3341 1125 3401 aut
1158 3353 1234 3402 nou
1267 3353 1325 3399 au-

328 3447 427 3525 dores
453 3454 680 3526 committere.
714 3453 768 3526 Ex
799 3455 961 3560 omuibus
994 3469 1110 3528 autem
1139 3456 1204 3552 iis,
1238 3477 1324 3554 quae

329 3579 418 3677 «lixi,
439 3579 690 3678 incommodis,
715 3577 801 3650 nibil
827 3577 1041 3654 tolerabilius
1065 3579 1202 3676 exsilio,
1228 3603 1324 3680 prae

327 3707 444 3780 sertim
471 3707 668 3804 irruoecuti3
693 3704 752 3778 ubi
777 3704 872 3778 nulla
904 3708 1069 3782 adiuncta
1095 3720 1149 3782 est
1173 3706 1322 3806 turpitu-

327 3829 387 3902 do:
414 3832 507 3906 addo
534 3835 654 3930 ctiam,
680 3857 787 3934 quum
814 3859 854 3904 ea
872 3834 958 3908 urbe
978 3861 1114 3934 careas,
1130 3835 1166 3906 iu
1184 3859 1253 3933 qua
1271 3829 1321 3901 ui·
1438 3913 1439 3924 χ

326 3951 371 4024 bil
398 3957 458 4054 sit,
484 3959 580 4062 quod
608 3960 725 4034 videre
752 3961 866 4060 possis
892 3964 966 4037 sine
991 3961 1121 4036 dolore.
1147 3959 1224 4056 Ego
1245 3979 1320 4030 cum
