2910 4954
312 426 316 434 ’
335 435 406 530 304
666 459 838 509 neesson
862 461 1008 512 cmxxv,
1113 459 1144 510 n
1162 463 1197 508 v.
1215 462 1244 510 c
1261 477 1309 525 m

334 560 606 664 siquisquami
630 573 684 634 est
708 560 851 635 timidus
882 564 921 634 in
952 562 1088 662 mugnis
1112 565 1335 664 periculosis·

334 714 402 791 que
427 686 550 788 iebus,
573 713 781 790 semperque
807 689 916 788 magis
941 686 1108 763 adversos
1130 717 1249 764 rerum
1268 695 1337 768 exi-

333 828 391 889 tus
415 829 591 914 metuens,
617 841 723 918 quam
743 841 889 919 sperans
905 815 1095 916 secundos3
1111 817 1140 890 is
1157 844 1224 920 ego
1244 847 1335 894 snm:

333 955 392 1041 et,
416 945 446 1016 si
471 943 540 1017 hoc
565 944 690 1020 vitium
716 957 790 1041 est,
824 968 866 1016 eo
893 970 949 1016 me
978 970 1052 1018 non
1081 971 1199 1018 eurem
1224 949 1336 1020 confi·

333 1083 420 1144 teor.
444 1071 523 1169 Ego
547 1069 643 1146 idem
670 1083 789 1145 temen
813 1096 922 1171 quum
947 1097 978 1142 a.
1003 1070 1038 1144 d.
1062 1071 1098 1141 V
1122 1071 1202 1144 nac
1226 1074 1336 1148 inter-

332 1196 466 1271 calmcs
490 1197 625 1297 priores
642 1199 670 1297 ⁵,
700 1209 826 1295 rogatu
857 1196 1003 1270 fratmm
1028 1210 1170 1276 mosum
1182 1254 1193 1298 ,
1217 1201 1337 1274 venis-

334 1349 408 1397 sem
433 1349 537 1396 mane
562 1323 609 1396 ad
633 1325 835 1421 Caesarem,
867 1337 973 1426 atque
1005 1347 1149 1397 omnem
1182 1322 1337 1399 adeundi

334 1463 372 1524 et
396 1450 630 1524 conveniendi
655 1448 747 1524 illius
772 1449 1050 1549 indignitatem⁶
1074 1463 1112 1523 et
1139 1450 1338 1528 molestiam

334 1575 575 1678 pertulissem
601 1603 710 1679 quum
735 1577 858 1652 fraires
884 1591 920 1653 et
951 1579 1143 1679 propinqui
1169 1579 1221 1651 tui
1244 1580 1337 1652 iece-

334 1717 414 1778 rent
439 1702 486 1776 ad
510 1703 641 1804 pedes,
666 1718 702 1778 et
726 1729 792 1802 ego
817 1713 927 1778 essem
953 1702 1113 1803 locutus,
1138 1729 1229 1806 quae
1254 1731 1337 1779 can-

335 1857 398 1929 se,
421 1857 510 1932 qnae
537 1845 636 1906 tuum
661 1845 832 1931 tempus⁷
859 1829 1083 1930 postulabat:
1114 1855 1190 1906 non
1221 1829 1337 1904 solum

336 1981 380 2030 ex
403 1959 563 2031 oratione
587 1959 759 2057 Caesaris,
784 1982 872 2058 quse
898 1981 982 2030 sane
997 1954 1114 2058 mollis
1131 1969 1167 2028 et
1183 1955 1336 2032 liberalis

334 2082 422 2182 fuis,
453 2083 516 2155 sed
548 2084 654 2156 etiam
687 2109 730 2160 ex
762 2080 875 2156 oculis
907 2095 943 2155 et
967 2081 1086 2182 vultu,
1117 2084 1192 2154 ex⁸
1218 2082 1337 2158 multis

335 2221 515 2310 praeterea
540 2211 668 2310 signis,
704 2234 795 2310 quae
825 2208 960 2286 facilius
988 2209 1188 2310 perspicere
1213 2211 1338 2311 potui,

336 2363 443 2440 quem
467 2335 636 2437 smibere,
667 2336 761 2411 hanc
790 2337 827 2409 in
857 2338 1062 2437 opinionem
1087 2335 1232 2410 discessi
1247 2355 1275 2437 9,
1297 2351 1338 2411 ut

334 2463 423 2538 mihi
447 2478 507 2538 tua
533 2463 625 2540 salus
651 2463 759 2538 dubia
782 2489 857 2538 non
883 2475 983 2538 esset
1017 2463 1259 2556 Quamobrem
1283 2464 1337 2538 fac

337 2593 456 2672 auimo
481 2618 610 2691 magno
635 2591 787 2695 sortique
811 2593 871 2666 sis:
896 2605 947 2688 et,
963 2592 993 2668 si
1018 2588 1258 2670 turbidissima
1282 2617 1337 2665 se·

336 2720 475 2818 pientes
499 2718 651 2818 ferebas,
677 2717 916 2822 tranquilliora
939 2715 1030 2790 laete
1055 2717 1154 2791 feres.
1181 2719 1261 2818 Ego
1285 2731 1337 2791 te-

336 2867 420 2914 men
444 2845 514 2920 tuis
538 2843 643 2919 rebus
668 2847 718 2920 sic
744 2846 872 2944 adero,
897 2859 937 2918 ut
962 2844 1173 2922 difficillimis
1179 2874 1191 2943 3
1224 2871 1336 2948 neque

338 2968 478 3042 Caesari
503 2968 638 3069 solum,
669 2972 732 3050 sed
763 2975 869 3048 etiam
902 2973 1022 3046 amicis
1051 2972 1126 3052 eius
1152 2971 1336 3071 omnibus,

338 3119 427 3196 quos
450 3094 537 3168 mihi
562 3098 789 3172 amicissimos
815 3125 889 3173 esso
915 3099 1087 3198 cognovi,
1116 3124 1184 3199 pro
1209 3111 1268 3199 te,
1291 3100 1335 3174 siv

337 3235 398 3296 cut
422 3220 537 3297 adhuc
562 3223 645 3324 feci,
668 3225 895 3300 libentissime
920 3223 1138 3326 supplicabo.
1163 3224 1264 3299 ane.

718 3477 950 3558 CDLXXVI.
1075 3521 1129 3578 (ss
1145 3521 1198 3568 nn.
1216 3520 1310 3579 v1,s>

330 3655 555 3735 ¹Argumentum.
575 3680 584 3717 ι
607 3656 671 3717 Sibi
691 3656 752 3718 hoc
771 3657 875 3718 dutum
896 3680 915 3717 s
935 3657 1030 3718 Balbo
1044 3669 1075 3718 et
1088 3657 1194 3741 Oppio
1217 3655 1336 3727 scribit,

376 3772 411 3820 us
431 3763 575 3825 Csecinse
596 3764 698 3826 liceret
718 3765 749 3824 in
770 3763 872 3824 Sicilie
892 3783 970 3840 esse3
991 3763 1093 3846 ibique
1115 3773 1149 3824 us
1168 3783 1334 3824 commom-

379 3878 444 3941 ων,
464 3891 518 3932 nec
538 3869 656 3955 longius
677 3871 780 3944 abest,
808 3871 921 3936 suadet.
944 3894 961 3934 u
984 3870 1158 3954 significat.
1189 3893 1220 3936 se
1252 3891 1331 3936 oom-

378 3975 589 4042 nendeturum
611 4001 680 4044 eum
701 3979 858 4045 Furfanio.
