2906 4950
509 384 547 430 ιιι
573 381 761 430 aersronss
1062 366 1128 469 57.

133 485 339 550 3Exsuiabat
366 487 523 567 nimirum,
555 495 589 544 ut
619 485 743 545 diximus
774 481 813 544 nd
845 505 911 568 epp.
940 487 1077 552 CDLXX
1105 504 1135 554 et

174 594 393 658 CDLXXVili.
711 653 714 663 ,

131 708 153 784 4
173 704 278 766 Lamb.
299 703 408 784 aliique
428 711 498 762 vett.
518 699 632 760 debeat.

131 813 152 873 5
170 815 278 891 Quum
297 810 407 872 ssiiieet
428 809 546 870 Caesari
567 809 606 870 de
626 806 720 868 sainte
740 807 905 890 Caecinae,
933 808 1007 870 idest
1028 811 1065 871 de
1086 831 1134 871 re-

173 920 238 979 ditu
258 922 289 980 in
308 917 432 1000 urbem,
453 916 650 998 supplicatum
672 925 731 996 est,
744 935 799 975 nee
816 925 915 976 tamen
936 919 1133 1000 impetratum.

172 1025 290 1086 Mamer.

129 1131 152 1194 6
173 1131 305 1194 Caesaris
325 1129 391 1212 (ep.
412 1127 576 1211 CDLXH),
597 1130 650 1210 qui
670 1127 835 1190 seeundum
855 1130 1041 1192 consulatum
1063 1153 1132 1194 eum

171 1238 296 1302 Servilio
317 1239 412 1320 gessit
433 1235 530 1296 Idem.

134 1369 151 1427 7
174 1347 240 1406 Hoc
260 1345 454 1428 praetulimus
474 1363 543 1404 eum
564 1341 668 1403 Lamb.
697 1342 818 1428 aliisque
842 1348 1018 1405 auctoritate
1050 1357 1130 1428 quat

172 1452 282 1515 Ambb.
304 1463 335 1514 et
353 1453 425 1513 Res.
446 1451 568 1532 vulgato
587 1471 697 1536 queen,
718 1451 801 1532 quod
820 1453 851 1512 in
870 1452 928 1512 hae
947 1452 1042 1514 forma
1063 1475 1132 1513 eum

171 1561 329 1622 indicativo
348 1560 448 1634 desit,
469 1559 597 1620 latinitas
617 1579 678 1618 non
697 1559 770 1640 fert,
783 1569 818 1620 ut
833 1579 921 1642 saepe
942 1561 1130 1622 ostendimus.

130 1667 151 1729 8
171 1669 287 1750 Asiam,
308 1689 398 1750 supra
418 1677 479 1727 not.
506 1688 529 1726 ι.
551 1666 703 1727 Ernestius
724 1665 801 1728 maie
822 1667 951 1728 Siciliam
970 1669 1098 1750 exponit

129 1797 151 1857 9
171 1775 220 1835 Sic
239 1774 316 1834 bene
336 1775 441 1856 optimi
461 1772 549 1833 codd.
571 1773 716 1834 Graevius
738 1771 869 1834 defendit
888 1774 1020 1856 reliquis,
1042 1795 1131 1855 quem

171 1885 303 1966 sequitur
322 1882 484 1942 Ernestius.
506 1879 614 1940 Ambb.
636 1879 697 1940 duo
718 1901 788 1942 cum
807 1883 877 1970 Res.
898 1881 988 1942 etiam
1008 1881 1038 1942 in
1059 1882 1110 1940 rei.

594 2121 675 2180 nix.

136 2333 146 2370 ι
171 2311 247 2372 Tres
273 2309 508 2390 imisdictiones,
536 2291 594 2368 seii.
623 2307 843 2388 Laodieaeam,
869 2307 1025 2392 Cibyram,
1052 2309 1132 2390 Apa-

169 2439 275 2478 meam.
297 2417 374 2478 Vide
394 2416 487 2478 fusius
508 2415 547 2474 ad
561 2437 606 2498 ep.
629 2415 720 2492 CCL,
740 2426 800 2476 not
823 2414 852 2476 8.
873 2416 946 2474 Mox
960 2415 1077 2476 senna.
1093 2437 1130 2474 ex

170 2524 257 2584 codd.
279 2525 356 2606 Lips.
379 2533 408 2584 et
427 2522 533 2583 Dresd.
555 2522 661 2597 daur.
684 2541 756 2582 esre.

130 2653 149 2692 2
171 2632 219 2693 Sic
240 2632 377 2715 praefero
397 2649 467 2692 cnm
488 2631 595 2690 Graes.
624 2639 654 2688 et
675 2626 752 2688 Oliv.
780 2647 818 2688 ex
848 2626 997 2711 pies-isque
1020 2625 1128 2687 dmbh.

171 2738 365 2820 aliorumque.
386 2737 486 2820 Vulgo
508 2737 578 2797 Non
598 2750 624 2796 te
644 2737 729 2796 enim.

130 2847 149 2907 3
169 2847 249 2907 idest
268 2867 359 2928 quam
380 2847 474 2928 pauci.
492 2843 551 2904 Est
570 2845 647 2904 enim
668 2843 781 2904 dietum
803 2863 872 2904 enm
893 2845 996 2903 imnis.
1015 2842 1130 2903 Manen.

170 2953 275 3014 Lamb.
297 2965 327 3014 et
347 2952 413 3011 cod.
435 2951 563 3035 Hittorp.
584 2972 677 3034 quam
697 2973 758 3012 non
778 2972 818 3011 m.

129 3061 150 3136 4
169 3060 256 3121 Multi
278 3082 315 3120 ex
336 3081 402 3120 mss.
423 3073 450 3120 et
470 3073 501 3120 ut
520 3073 551 3118 tu
572 3060 591 3118 i.
619 3059 679 3120 Sed
706 3079 800 3141 quum
821 3055 947 3120 sufficiat
966 3077 1063 3140 praec.
1083 3069 1129 3126 ut,

169 3167 218 3228 hie
238 3165 477 3250 superabundat,
498 3177 527 3227 et
548 3169 700 3228 insititiam
721 3176 803 3249 puto.

596 3407 664 3466 DX.

135 3615 145 3654 ι
172 3593 267 3654 Codd
288 3593 396 3656 Ambb.
417 3595 479 3655 duo
500 3595 607 3677 aliique
627 3589 777 3665 Michrss‚
798 3591 845 3654 vei
866 3591 1026 3653 Mictaoes.

128 3721 148 3760 α
167 3701 277 3764 Ambb.
297 3702 359 3764 fere
380 3719 483 3762 omnes
502 3703 611 3786 aliique
632 3701 699 3762 libri
719 3711 789 3762 vett.
810 3701 962 3762 Posmmii.

129 3806 149 3866 3
170 3809 218 3868 Sic
238 3831 305 3870 mss.
327 3831 443 3894 omnes,
464 3831 519 3892 pm
538 3811 703 3893 vulgariter.
716 3809 859 3892 Enniiage
872 3829 933 3868 non
946 3797 1130 3888 infrequ'ens',

170 3919 281 3979 utDiv.
297 3937 328 3976 a:
350 3938 444 3999 eaque
464 3933 549 3980 scuta
569 3919 696 3980 sublim
710 3918 798 4000 fixa,
821 3931 887 3978 sunt
906 3916 990 3976 Ιιιιιιιί
1009 3916 1129 3976 inventa.
