2898 4956
325 443 397 520 250
666 459 837 514 sererent
864 463 1004 518 ennxrv.
1113 465 1145 514 Α.
1158 467 1192 515 v.
1210 467 1239 516 c.
1257 482 1306 532 μ,

320 569 482 665 laudare,
507 565 604 670 quod
630 591 710 639 oum
743 591 805 666 spe
831 565 996 640 vincendi
1029 565 1132 640 simui
1166 567 1326 644 abiecisti

320 693 477 774 certandi
502 693 608 768 etiam
633 692 882 794 cupiditatem,
900 692 1172 796 ostendistique,
1189 697 1329 797 sapien-

318 838 391 898 tem
423 836 459 897 et
489 819 624 896 bonum
657 819 770 894 civem
801 819 902 892 initia
927 818 1010 893 belli
1036 821 1148 896 civilis
1173 825 1326 898 invitum

317 951 512 1052 suscipere,
535 961 692 1022 extrema
715 943 866 1020 libenter
882 970 956 1021 non
972 949 1144 1051 persequi.
1163 951 1236 1042 Qui
1252 977 1328 1026 non

316 1077 412 1152 idem
436 1073 641 1174 eonsilium,
667 1073 765 1176 quod
791 1087 846 1172 tu,
872 1074 983 1148 secuti
1008 1088 1105 1175 sunt,
1130 1101 1192 1152 eos
1219 1077 1325 1154 rideo

315 1203 449 1278 induo
476 1227 602 1303 genera
637 1225 712 1274 esse
746 1198 936 1274 distractos
954 1203 979 1271 ⁵.
1006 1201 1079 1274 Aut
1103 1203 1197 1274 enim
1224 1229 1330 1278 reno·

314 1357 398 1406 vare
413 1327 546 1404 bellum
562 1327 682 1402 conati
707 1339 807 1427 eunt,
831 1325 940 1428 hique
957 1352 995 1400 se
1011 1327 1049 1400 in
1065 1326 1223 1403 Ati-icam
1240 1355 1326 1408 oon·

314 1457 470 1533 tulemnt
486 1457 518 1528 ⁶:
544 1468 622 1554 aut,
652 1451 951 1556 quemadmodum
984 1479 1066 1555 nos,
1092 1457 1222 1532 victori
1246 1485 1324 1532 sese

311 1582 537 1662 crediderunt
552 1599 578 1654 r.
603 1579 761 1656 Medium
796 1577 980 1684 quoddam
1006 1595 1107 1656 tuum
1133 1581 1321 1660 consilium

309 1710 392 1808 fuit,
416 1709 476 1811 qui
500 1707 570 1782 hoo
595 1705 742 1782 fortasse
774 1704 925 1813 humilis,
952 1707 1061 1782 animi
1087 1707 1252 1809 duceres,
1277 1709 1321 1784 il-

308 1836 372 1912 iud
386 1834 586 1938 pertinacis.
610 1833 759 1934 Fateor,
787 1859 808 1908 a
834 1833 1027 1936 plerisque,
1052 1834 1109 1910 vel
1134 1835 1253 1910 dicam
1272 1835 1318 1910 ab

308 1961 488 2062 omnibus,
512 1962 653 2061 sapiens
677 1973 779 2034 tuum
803 1959 1008 2060 consitum,
1025 1986 1045 2035 a
1063 1960 1183 2035 multis
1209 1964 1316 2040 etiam

307 2089 425 2190 magni
451 2114 492 2162 ac
516 2087 617 2161 fortis
643 2087 751 2160 animi
778 2084 981 2161 iudicatum.
1016 2086 1087 2161 Sed
1112 2087 1223 2163 habet
1248 2089 1313 2163 ista

171 2211 176 2218 ’
307 2217 414 2317 ratio,
428 2228 470 2289 ut
485 2211 573 2288 mihi
589 2211 733 2315 quidem
749 2211 906 2311 videtur,
931 2212 1121 2316 quemdam
1146 2215 1313 2316 modum;

305 2344 509 2446 praesertim
535 2367 644 2447 quum
669 2337 733 2414 tibi
757 2337 847 2412 nihil
864 2338 986 2414 deesse
1003 2340 1151 2415 arbitrer
1168 2339 1216 2414 ad
1234 2355 1311 2415 tuas

305 2471 462 2548 sorurnas
494 2495 617 2544 omnes
648 2465 859 2542 obtinendas
871 2523 881 2566 ,
914 2482 1054 2568 praeter
1079 2466 1311 2544 voluntatem.

303 2597 362 2672 sic
385 2599 479 2672 enim
503 2596 676 2694 intellexi,
699 2593 788 2670 nihil
812 2592 909 2668 eliud
934 2619 1027 2694 esee,
1051 2593 1150 2697 quod
1167 2593 1311 2672 dubita·

302 2725 436 2798 tionem
460 2721 598 2796 afferret
623 2724 672 2820 ei,
696 2747 806 2822 penes
832 2747 936 2824 quem
963 2735 1017 2794 est
1042 2733 1218 2823 potestas,
1243 2724 1310 2798 nisi

300 2848 399 2951 quod
423 2861 623 2946 vereretur,
647 2873 694 2920 ne
727 2860 765 2920 tu
797 2845 886 2920 iilud
913 2845 1124 2920 beneficium
1157 2851 1306 2924 omniuo

299 2999 373 3049 non
396 2975 577 3074 putares⁸.
594 2973 648 3046 De
674 2998 746 3074 quo
763 2973 849 3076 quid
873 2975 1040 3071 sentiam,
1063 2973 1152 3047 nihil
1178 2978 1305 3052 attinet

301 3099 433 3204 dicere,
462 3126 571 3204 quum
604 3113 795 3200 appareat,
825 3101 901 3201 ipsc
934 3097 1020 3204 quid
1050 3099 1202 3174 fecerim
1236 3103 1306 3178 Sed

299 3243 450 3302 tamena
474 3227 600 3305 eiiam
625 3228 674 3309 ira
705 3228 966 3326 constituisses,
998 3241 1039 3300 ut
1071 3227 1194 3302 abesse
1228 3257 1305 3337 per-

298 3366 409 3456 petuo
433 3352 572 3454 malles,
595 3381 702 3457 quam
728 3381 788 3453 ea,
814 3379 903 3456 quae
932 3351 1064 3452 nolles,
1087 3353 1226 3456 videre,
1253 3371 1304 3432 ta·

297 3505 380 3556 men
403 3479 443 3554 id
465 3481 621 3582 cogitare
638 3480 802 3580 deberes,
817 3479 1029 3581 ubicumque
1045 3505 1157 3579 esses,
1173 3494 1211 3556 te
1227 3483 1299 3558 fore

295 3608 334 3680 in
358 3607 584 3709 eius'ipsios,
609 3633 714 3710 quem
737 3605 887 3705 sugeres,
903 3619 1090 3704 potestate.
1115 3609 1187 3699 Qui
1208 3611 1238 3683 si
1257 3609 1301 3683 ia·

295 3733 361 3806 cile
392 3761 558 3838 passurus
587 3749 697 3842 esset,
722 3747 759 3805 te
784 3745 962 3805 carentem
987 3734 1100 3833 patria
1127 3748 1163 3808 et
1188 3734 1299 3808 fortu-

294 3857 349 3931 nis
371 3858 455 3962 tuis,
479 3863 595 3964 quiete
621 3875 657 3935 et
681 3857 789 3934 libere
815 3857 952 3958 vivere,
978 3858 1205 3960 cogitandum
1232 3861 1297 3935 u'bi

293 3995 411 4059 brnen
436 4003 545 4087 esset,
573 3988 751 4064 Romaene
777 4001 813 4060 et
839 3983 937 4060 domi
969 3999 1073 4086 tuac,
1103 3987 1295 4064 cuicuimo-
