2932 4954
516 423 552 494 m
579 421 766 469 arrsrotss
1075 403 1142 497 541

137 529 160 592 8
182 529 358 589 Latinorum
379 523 562 605 municipum
584 543 720 584 sermone
742 533 832 603 atque
853 523 987 585 formulis
1006 525 1148 588 delinitas.

185 636 302 697 Oblitae
323 633 362 694 ab
382 633 493 693 oblim.
516 631 679 712 Corruptus
700 642 800 691 autem
822 630 941 692 facetias
954 643 1069 696 veteres
1085 647 1150 697 tum

183 764 277 825 quum
300 741 494 830 peregrinitas
514 738 610 798 intusa
631 749 689 818 est,
709 758 802 822 quum
824 741 920 799 Latini
941 741 1050 822 aliique
1062 763 1151 825 pere-

184 853 260 934 grini
280 850 384 934 populi
404 849 529 908 immixti
550 848 692 911 Romanis
713 853 800 924 sunl,
822 851 937 910 civitate
958 852 992 910 iis
1013 849 1100 934 data,
1121 864 1151 913 et

181 961 410 1042 peregrinorum
431 975 529 1015 sermo
550 957 580 1016 in
594 954 762 1015 Romanum
782 958 922 1018 invectus.
936 955 1066 1018 Videtur
1079 959 1100 1020 l.
1114 959 1149 1020 F.

183 1067 355 1126 Gronovius
387 1062 536 1124 deducere
567 1062 676 1123 ottian
707 1061 745 1122 ab
776 1063 934 1124 obliviscor
956 1085 989 1124 er
1013 1065 1082 1126 loco
1101 1087 1148 1150 ep.

182 1172 358 1232 DCLVlll:
390 1167 560 1231 Eramisse
586 1170 648 1228 iam
674 1183 794 1229 veteram
820 1170 1034 1246 urbanitatem
1065 1174 1149 1256 quod

181 1299 281 1362 neque
302 1277 421 1338 Oliveto
440 1275 587 1359 placebat
607 1277 714 1336 Noster
734 1299 752 1357 7
774 1279 900 1338 oblatos.
1011 1295 1017 1312 ·

141 1405 164 1469 9
184 1386 298 1468 Repete
318 1387 440 1445 omnino
461 1386 491 1444 in
512 1381 612 1444 atr-bem
640 1383 745 1466 offusis
774 1383 852 1446 odeo
882 1385 1011 1460 oblitas,
1036 1399 1086 1447 ut:
1108 1390 1154 1448 sic·

182 1491 331 1554 constabit
350 1492 502 1552 sententie.
526 1489 649 1552 conius.
670 1489 758 1552 Amb.
778 1513 811 1550 ra
833 1513 851 1551 a
872 1513 929 1552 sec.
944 1513 1035 1554 manu
1046 1509 1151 1578 pateat

184 1613 223 1660 ut.
244 1600 314 1660 blsti
334 1599 468 1660 nonnulli
489 1619 565 1659 nunc
585 1619 650 1658 vcro
669 1600 771 1680 placet
787 1613 816 1660 et
839 1601 936 1673 brac,
961 1601 1008 1664 vel
1028 1603 1105 1664 iacet
1122 1617 1151 1666 ct

185 1704 267 1767 brac.
731 1725 733 1728 ·

148 1834 183 1874 ro
205 1815 334 1875 Granius
360 1812 447 1875 valde
472 1814 601 1897 facetus,
622 1825 653 1875 et
672 1811 782 1875 salibus
803 1815 890 1876 dicax
912 1827 984 1877 erat.
1006 1817 1092 1879 Orat.
1107 1818 1151 1898 ll,

182 1921 239 2002 603
260 1923 343 1982 Brut.
364 1941 389 1982 c.
410 1921 466 2004 43,
487 1933 518 2004 et
537 1941 593 2005 pro
614 1921 714 1984 Plano.
733 1924 777 2000 14.
798 1923 929 1987 Lucilius
949 1935 1061 2000 satyras
1081 1945 1150 1986 suas

183 2029 284 2090 multis
304 2027 414 2089 salibus
434 2032 565 2111 iocisque
578 2032 736 2113 respersit3
751 2030 835 2092 Orat
851 2031 968 2114 111,43.
982 2033 1029 2093 De
1044 2033 1150 2094 Crasso

185 2137 287 2216 (Orat.
301 2157 327 2196 c.
341 2135 408 2217 57),
429 2147 459 2197 et
479 2136 519 2197 de
538 2137 571 2198 C.
593 2137 696 2198 Laelio
716 2141 893 2219 cognomine
914 2141 1053 2221 sapienti,
1066 2141 1150 2200 Brut.

186 2265 212 2304 c.
234 2263 283 2303 nr.
304 2242 368 2304 Hos
391 2243 479 2304 simul
493 2233 664 2326 coniunxit,
685 2247 775 2326 quia,
796 2256 830 2305 ut
849 2247 891 2306 ait
910 2246 1079 2331 Victorius,
1098 2267 1151 2307 no-

185 2349 305 2411 biliores
325 2361 355 2410 et
374 2349 550 2412 urbaniores
571 2350 633 2411 aliis
654 2362 746 2412 erant.
761 2350 847 2412 amb.
861 2351 946 2413 mrilti
961 2352 1068 2434 aliique
1083 2352 1149 2414 libri

188 2469 259 2520 vett.
283 2458 320 2520 0.
345 2479 384 2518 m.
408 2457 583 2532 Gracchos,
605 2457 651 2520 vel
674 2460 805 2538 gratias,
831 2480 858 2519 ο.
884 2459 919 2518 L.
945 2471 974 2518 et
999 2473 1031 2520 ut
1052 2481 1077 2519 ν.
1100 2459 1149 2536 d.,

185 2563 241 2632 vel
254 2587 280 2626 v.
301 2563 332 2626 d.
352 2579 397 2640 et,·
419 2566 525 2626 Lamb.
545 2579 574 2626 et
592 2589 616 2625 ν.
637 2579 670 2626 ut
687 2565 718 2626 d.

149 2695 180 2734 ιι
198 2675 348 2736 Revocavi
363 2673 518 2735 lectionem
533 2675 685 2755 antiquam
698 2693 765 2733 mss.
781 2675 914 2733 omnium
929 2684 959 2736 et
972 2673 1040 2736 edd.
1054 2693 1150 2756 usque

185 2781 225 2842 ad
247 2781 422 2842 Victoriam.
445 2779 539 2858 Quod
560 2801 654 2862 quum
675 2801 794 2841 sensum
816 2781 1008 2842 commodum
1027 2803 1088 2842 non
1100 2781 1154 2843 haJ

186 2888 260 2950 bere
273 2887 435 2970 videretur,
445 2891 597 2951 Manutius
611 2891 738 2950 correxit
748 2891 998 2966 commorationis,
1012 2891 1151 2954 Gulielm.

184 2995 408 3070 demorationis,
429 3007 465 3057 ut
485 3000 608 3079 propius
629 2995 745 3058 abesset
765 3018 783 3056 a
804 3015 893 3080 msa,
914 2997 1039 3080 illosque
1059 3001 1151 3060 secuti

186 3115 256 3164 sunt
276 3105 466 3186 posteriores:
489 3104 615 3186 planiori
635 3105 757 3186 quidem
771 3123 875 3187 sensu3
890 3105 942 3166 aed
956 3127 1011 3165 nec
1025 3105 1151 3166 alterum

187 3221 289 3271 tamen
308 3221 477 3294 repugnat,
507 3211 617 3272 scilicet
643 3211 751 3294 (quod
777 3215 937 3295 praecipue
960 3210 1152 3293 notandum)

188 3339 227 3378 ex
246 3318 331 3378 Paeti
352 3321 510 3402 sententia,
530 3341 561 3381 se
582 3331 735 3381 auctorem
753 3320 841 3379 sitisse
855 3320 990 3380 Ciceroni
1011 3327 1046 3378 ut
1064 3318 1151 3380 ades-

189 3435 234 3485 set
255 3421 480 3508 gubernationi,
501 3427 670 3509 directioni,
691 3425 934 3488 administrationi
955 3425 1107 3508 urbanae,
1127 3427 1151 3485 si
1213 3475 1217 3486 ,

189 3535 288 3592 minus
309 3553 415 3615 opera,
435 3534 538 3594 saltem
560 3533 700 3618 consiti03
726 3536 786 3592 sive
807 3533 974 3614 custodiae,
996 3545 1031 3593 ut
1049 3533 1151 3616 paullo

187 3652 276 3723 post,
297 3641 467 3723 exemplum
489 3641 615 3702 afferens
629 3641 734 3702 Cauni.
756 3642 826 3719 Qua
845 3653 969 3724 propter
986 3641 1091 3702 Cicero
1111 3639 1152 3700 illi

188 3747 310 3826 obiicit,
330 3769 370 3808 ne
389 3747 444 3808 sibi
465 3749 587 3830 quidem
613 3761 684 3810 tuno
708 3748 888 3832 reipublicae
912 3751 1065 3832 regimen,
1085 3769 1152 3808 mo·

190 3855 387 3938 demtionem,
401 3855 537 3940 deserere
550 3856 709 3940 placuisse,
722 3879 815 3938 qttum
830 3856 924 3917 libera
938 3868 1015 3938 erat,
1030 3867 1062 3918 at
1074 3877 1153 3916 nunc

191 3983 290 4042 secus,
310 3983 404 4044 quum
425 3966 524 4024 omnia
546 3968 575 4025 in
600 3967 688 4027 tmius
713 3975 859 4048 potestate
878 3967 944 4026 sint.
973 3963 1078 4044 Quum
1098 3985 1154 4024 au·
