2900 4962
331 445 398 522 ¹7²
542 435 715 488 erroronn
740 409 1039 510 conuncuxnrn.
1100 435 1295 502 nuum

301 586 305 600 =
324 560 366 619 ut
389 567 509 645 spero,
534 541 578 616 de
604 541 661 615 vie
678 553 774 614 rente
790 539 838 614 ad
855 565 920 614 me.
937 537 1048 614 Simul
1065 539 1213 612 enimet
1230 539 1325 616 diem

263 647 270 660 ⁸
323 672 542 774 Tyrannioni
567 669 820 744 constituemus
839 683 879 765 ¹²,
902 681 940 740 et
963 669 992 740 si
1018 665 1104 770 quid
1129 666 1233 741 aliud

722 919 915 996 CDXLIII.
1061 961 1116 1022 (M
1134 963 1187 1011 m„
1206 964 1254 1025 ιχ,
1268 967 1299 1022 4)

321 1103 541 1184 Argumentum
560 1103 608 1163 De
627 1100 773 1163 Varronis
794 1099 926 1162 adventu
948 1102 989 1161 ita
1009 1103 1142 1174 iocatur,
1154 1111 1190 1162 ut
1205 1103 1232 1163 ei
1253 1123 1324 1185 per-

361 1211 477 1284 mittet,
497 1219 600 1270 utrum
620 1207 748 1270 Diodori
769 1229 808 1268 un
823 1206 987 1290 Chrysippi
1008 1210 1187 1270 sententium
1201 1207 1240 1270 de
1254 1231 1322 1294 pos·

361 1313 498 1378 sibilibus
517 1326 547 1377 et
567 1317 739 1378 necessariis
760 1318 845 1397 sequi
866 1314 960 1376 malit.

457 1525 512 1578 Ser.
531 1524 559 1576 in
575 1517 723 1576 Tuserileno
741 1523 772 1576 t.
789 1522 824 1577 V.
841 1523 872 1576 C.
890 1521 1026 1591 nccvn,
1044 1523 1080 1576 tt
1100 1523 1184 1578 iunio.

621 1719 765 1787 CICERO
789 1720 967 1790 VARRONI
993 1721 1023 1788 S.

367 1941 444 2036 ssepi
469 1939 599 2009 δυνατῶν
614 1961 672 2009 me
688 1937 778 2011 scibo
794 1940 871 2008 κατὰ
889 1938 1041 2034 Διόδωρον
1058 1943 1167 2035 κρίνειν
1182 1953 1205 2010 ¹.
1224 1941 1320 2034 Qua-

317 2077 479 2165 propter,
504 2065 534 2138 si
558 2077 725 2137 venturus
751 2090 806 2164 es,
828 2063 935 2164 scito,
950 2089 1092 2138 necesse
1108 2090 1184 2139 esse
1201 2079 1239 2138 te
1256 2092 1318 2140 ve-

315 2191 408 2291 nire3
432 2192 487 2265 sin
512 2205 629 2266 eutem
653 2217 727 2265 non
751 2217 806 2291 es,
831 2203 889 2262 τῶν
912 2193 1065 2264 unsrun
1090 2205 1144 2265 est
1168 2205 1203 2266 te
1221 2195 1317 2268 veni·

315 2335 390 2394 ιε’.
425 2319 529 2394 Nunc
561 2319 664 2420 vide,
697 2333 776 2392 utre
808 2331 844 2392 te
875 2323 974 2414 κρίσις
1005 2319 1116 2418 mugio
1142 2317 1317 2420 delectet,

315 2451 544 2542 χρυσιππειάιιε
563 2447 588 2546 ³,
620 2472 666 2519 nn
696 2446 784 2522 haec
796 2501 806 2545 ,
832 2471 937 2547 quam
962 2459 1082 2519 noster
1105 2445 1316 2521 Diodotust

314 2597 388 2648 non
414 2573 665 2678 conooquebut.
693 2573 763 2648 Sed
789 2571 832 2646 de
857 2572 912 2646 his
939 2573 1045 2645 etiam
1068 2571 1190 2674 rebus,
1211 2575 1316 2648 otiosi

314 2726 423 2800 quum
447 2703 590 2802 erimus,
614 2701 805 2804 loquemur.
833 2699 913 2773 Hoc
938 2700 1044 2773 etiam
1068 2705 1145 2772 κατὰ
1170 2705 1313 2798 Χρύσιππε

311 2851 367 2892 που
391 2826 514 2898 δυνατὸν
546 2840 600 2902 est
615 2830 640 2900 ⁵.
672 2829 726 2900 De
757 2827 918 2902 Cootio⁶
949 2825 1036 2926 mihi
1069 2841 1208 2926 gratum
1239 2841 1312 2900 est:

310 2974 394 3024 nem
418 2950 457 3025 id
481 2953 588 3025 etism
611 2952 731 3026 Attico
763 2951 969 3026 mundarem
986 2991 1009 3038 ς.
1047 2952 1104 3026 Tu
1135 2954 1167 3026 si
1198 2954 1314 3026 minus

312 3077 358 3152 ad
382 3103 464 3178 nos3
490 3103 708 3153 accurremus
734 3078 781 3151 ad
806 3091 849 3152 te.
883 3079 921 3152 Si
954 3079 1096 3154 hortum
1121 3079 1161 3154 iu
1184 3078 1313 3154 biblio·

311 3205 415 3279 theon
439 3203 547 3280 habes
565 3207 591 3304 ⁸,
617 3205 728 3280 deerit
751 3205 847 3280 nihil.

706 3459 899 3535 CDXLIV.
1046 3503 1100 3563 (rr
1115 3503 1167 3548 nu.
1183 3503 1245 3563 xu,
1260 3503 1287 3558 s)

310 3641 529 3722 Argumentum.
548 3642 596 3702 De
615 3638 712 3702 tribus
732 3643 877 3723 pecuniae
890 3660 909 3700 a
922 3638 1043 3701 Metone
1059 3638 1223 3721 exigendae
1237 3660 1310 3700 oon·

350 3749 523 3812 ditionibus.
