2880 4956
312 393 361 468 56
665 412 836 466 sarsrou
860 414 954 464 cnrv.
1087 412 1117 462 r.
1136 415 1170 460 v.
1187 415 1216 462 c
1235 415 1284 476 ,aa

312 515 515 617 fasciculus3
544 515 651 616 solvi,
677 516 818 619 siquid
843 515 889 590 ad
914 541 971 588 me
996 529 1088 588 esset
1110 515 1310 590 literarum:
1426 497 1427 500 Ἴ

309 641 399 718 nihil
422 657 512 718 erat:
540 641 689 745 epistola
714 643 879 741 Vatinio,
904 657 941 715 et
963 642 1105 741 Ligurio
1124 658 1154 694 ¹²
1179 641 1311 726 altera:
1426 651 1427 702 ἕ

310 770 394 843 iussi
419 768 465 842 ad
490 795 550 842 eos
576 769 710 842 deferri.
743 766 798 841 illi
831 767 878 842 ad
911 793 967 840 me
1000 770 1118 862 statim
1147 769 1311 844 ardentes
1426 829 1427 838 ,

312 893 439 1004 dolore
460 909 654 994 venerunt,
679 894 791 968 scelus
817 893 967 968 hominis
993 893 1203 989 clamantes;
1236 898 1311 997 epi·
1426 931 1427 936 ¹

311 1021 420 1096 stolas
444 1021 531 1096 mihi
555 1021 715 1120 legerunt
740 1020 861 1122 plenas
894 1022 1052 1095 omnium
1084 1022 1123 1094 in
1145 1045 1202 1093 me
1228 1047 1312 1120 pro-
1426 999 1427 1008 ἵ

309 1146 461 1228 bromm,
481 1149 549 1222 Hic
564 1147 727 1246 Ligurius
745 1147 873 1220 furere:
889 1172 927 1220 se
944 1147 1039 1218 enim
1055 1147 1159 1246 scire,
1171 1172 1310 1221 summo

309 1271 409 1346 iilum
428 1274 457 1324 ¹³
482 1275 520 1346 in
545 1271 628 1346 odio
653 1273 758 1346 fuisse
783 1273 942 1346 Caesari:
970 1269 1069 1343 illum
1094 1285 1212 1344 tamen
1236 1297 1312 1346 non

309 1398 418 1472 modo
444 1397 593 1498 favisse,
625 1396 689 1470 sed
722 1411 758 1470 et
789 1411 924 1470 tantam
956 1396 1006 1470 iili
1038 1399 1224 1498 pecuniam
1249 1397 1312 1470 de-

312 1521 402 1596 disse
427 1522 571 1597 honoris
598 1524 664 1596 mei
692 1549 806 1596 causa.
824 1523 904 1597 Hoc
928 1549 993 1622 ego
1011 1523 1133 1597 dolore
1150 1538 1312 1625 accepto,

311 1649 408 1723 volui
433 1649 539 1750 scire,
564 1649 650 1752 quid
675 1649 870 1750 scripsisset
895 1648 941 1722 ad
967 1663 1110 1723 ceteros.
1127 1651 1202 1750 Ipsi
1219 1652 1312 1723 enim

312 1773 362 1848 illi
388 1776 511 1877 putavi
535 1776 770 1876 perniciosum
795 1775 886 1874 fore,
919 1777 949 1849 si
982 1776 1055 1848 eius
1081 1773 1149 1849 hoc
1175 1789 1312 1848 tantum

312 1901 424 1976 scelus
450 1901 713 2002 percrebuisset„
747 1903 908 2000 Cognovi
935 1901 1093 1976 eiusdem
1117 1903 1253 2000 genesis
1272 1901 1314 2000 ¹⁴5

312 2026 359 2099 ad
392 2039 428 2099 te
461 2028 560 2100 misi:
594 2053 680 2128 quas
713 2029 745 2100 si
778 2027 919 2128 putabis
952 2027 1002 2100 itti
1033 2028 1101 2127 ipsi
1126 2026 1211 2102 utile
1237 2053 1311 2102 esse
1426 2027 1427 2054 ¹

313 2150 436 2251 reddi,
461 2151 587 2228 reddes
607 2153 637 2203 ¹⁵
645 2181 655 2252 5
677 2152 729 2226 nil
753 2180 810 2226 me
834 2153 959 2236 laedet
992 2153 1083 2227 Nam
1108 2153 1206 2256 quod
1229 2155 1312 2230 resi·
1426 2247 1427 2260 ἵ

312 2291 438 2379 gnatae
462 2293 561 2380 sunt;
585 2279 706 2379 habet,
732 2282 874 2381 opinor,
899 2280 972 2354 eius
998 2283 1135 2378 signum
1154 2283 1185 2332 ¹⁶
1209 2281 1312 2355 Porn-

313 2405 430 2508 ponia.
456 2404 534 2478 Hac
551 2402 608 2478 illc
629 2405 818 2482 acerbitate
834 2407 935 2480 initio
955 2405 1314 2508 navigationis'quum

311 2557 396 2633 usus
422 2544 528 2632 esset,
555 2546 654 2607 tanto
680 2559 736 2606 me
763 2531 885 2608 dolore
911 2531 1043 2632 affecit,
1068 2546 1108 2605 ut
1127 2546 1251 2638 postea
1268 2535 1315 2607 ia·
1426 2563 1427 2574 ¹

313 2659 465 2730 cuerim:
498 2683 612 2759 neque
647 2685 741 2733 nunc
776 2675 848 2735 tam
881 2685 947 2759 pro
973 2686 1032 2757 se⁷
1060 2685 1166 2760 quam
1190 2675 1313 2736 contra

314 2805 390 2879 me,
412 2781 572 2857 laborare
599 2783 734 2858 dicitur.

365 2905 388 2978 3
414 2908 467 2978 Ita
493 2908 656 2982 omnibus
681 2909 784 2983 rebus
809 2935 948 3012 urgeam
966 2939 1051 3014 quas
1068 2913 1238 2988 sustinere
1254 2915 1313 2988 vix

314 3055 480 3130 possum,
515 3033 570 3107 vel
601 3033 706 3133 plane
731 3036 827 3112 nullo
852 3039 962 3114 modo
992 3049 1156 3140 pessum:
1186 3039 1313 3141 quibus

313 3155 352 3228 in
375 3158 521 3231 miseriis
546 3185 616 3233 una
642 3175 695 3234 est
719 3187 785 3262 pro
811 3165 991 3260 omnibus,
1010 3163 1106 3266 quod
1130 3166 1234 3270 istam
1251 3167 1313 3238 mi·

314 3309 427 3360 seram
453 3298 551 3385 patre
566 3301 606 3386 ¹⁷,
631 3289 866 3390 patrimonio,
898 3293 1037 3382 fortuna
1063 3293 1159 3364 omni
1184 3290 1313 3390 spolia·

315 3421 388 3482 tam
414 3408 616 3514 relinquam.
652 3415 769 3508 Quare
803 3431 859 3516 te,
892 3433 931 3492 ut
964 3412 1160 3518 polliceris,
1193 3415 1312 3490 videre

313 3534 418 3634 plane
444 3535 558 3612 velim.
584 3538 703 3614 Alium
728 3543 839 3642 enirn,
856 3546 913 3616 cui
934 3543 1029 3647 illam
1054 3530 1313 3642 commendem,

314 3657 428 3736 habeo
453 3669 646 3765 nemiuem3
662 3671 828 3770 quoniam
847 3673 949 3744 matri
966 3695 1106 3772 quoque
1123 3669 1247 3744 eadem
1263 3672 1313 3744 in·

316 3784 431 3860 telleri
455 3815 530 3864 esse
555 3807 695 3894 parata,
720 3821 810 3896 quae
833 3795 919 3870 mihi
934 3797 973 3868 ¹⁸.
999 3796 1132 3894 Sed‚si
1156 3821 1214 3870 me
1239 3821 1312 3870 non

316 3907 472 3986 offendes
491 3933 531 4014 ¹9,
564 3920 647 3992 satis
685 3935 801 3995 tamen
840 3922 970 3996 habeto
1009 3920 1314 4020 commendatam,
