2910 4962
508 413 544 462 m
573 414 764 464 crisconii
1068 399 1136 490 43¹

130 515 152 580 6
172 513 247 579 Cod.
273 515 376 578 Ambe.
402 537 469 576 mss.
496 515 578 600 apud
597 516 803 598 Verburgium
828 528 859 578 et
884 515 953 580 edd,
978 529 1050 581 vett
1077 543 1142 582 me-

170 627 244 687 lione
261 647 335 686 caru
354 639 413 698 ert,
434 623 482 684 vol
501 621 621 685 melione
641 626 672 686 in
691 645 765 686 casu
777 639 836 699 eot,·
857 625 941 708 quod
954 647 1059 688 sunum
1072 649 1139 691 esse

170 734 241 795 mihi
264 755 382 817 semper
405 751 581 816 persuasum
606 731 675 794 fuit:
697 731 819 817 adlinet,
839 737 888 794 cui
908 735 1010 796 Laelio
1030 737 1136 798 melius

169 838 284 904 cecidit.
304 843 352 902 De
371 841 438 901 Fin.
460 841 502 901 11:
524 839 564 901 E!
581 839 666 923 quod
683 853 866 915 extremum,
887 841 922 903 id
940 843 971 904 in
989 864 1064 904 casu
1083 859 1134 906 est.

167 953 236 1010 Non
256 949 395 1034 improbo
416 961 518 1010 temen
537 949 691 1030 vulgatam
711 947 884 1030 lectionem,
905 953 953 1012 cui
973 951 1072 1012 similis
1092 964 1136 1013 est

168 1059 218 1118 illo
239 1061 321 1142 epist
344 1057 456 1134 CDXI,
482 1078 511 1116 r:
531 1055 623 1117 Mora
636 1056 853 1120 Alexandrina
871 1078 997 1120 caucam
1017 1059 1136 1120 itionem

168 1168 309 1228 correxit.

128 1275 408 1355 7ACoesorianis.
428 1272 544 1336 Mam.
580 1295 582 1302 ·

125 1381 306 1444 BSubeudi
332 1379 547 1442 &concitem
569 1381 645 1441 infra
664 1377 704 1442 ab
726 1379 782 1442 isto
803 1392 888 1443 esta
911 1381 1048 1444 (haam.
1128 1434 1131 1450 .

124 1511 147 1574 9
166 1487 333 1550 Dolabella.
345 1488 422 1550 =Vid.
444 1511 489 1572 ep.
511 1489 668 1568 CDXVH,
689 1509 717 1549 o.

130 1619 167 1660 to
190 1597 308 1658 Scilicet
329 1597 436 1658 deme
456 1597 629 1679 detrahere3
652 1618 718 1680 epp.
740 1596 847 1678 cmv,
868 1618 886 1658 α
908 1609 938 1659 et
959 1596 1070 1680 CDVI,
1091 1617 1119 1658 n.

129 1727 161 1766 rr
186 1703 345 1766 Praeclare
364 1704 466 1766 locum
484 1703 566 1765 bunc
586 1707 714 1766 restituit
733 1706 912 1766 Gronovius.
934 1705 1039 1766 Cicero
1053 1715 1135 1788 pete·

165 1812 235 1892 bat,
256 1811 312 1873 sibi
332 1813 490 1896 pecuniam
511 1814 622 1893 cumri,
648 1834 709 1895 que
734 1823 869 1875 uteretur
893 1812 1042 1874 Brundisii
1062 1809 1074 1895 (
1085 1835 1132 1896 ep.

166 1921 280 2002 CDVl,
301 1923 346 1998 n).
368 1919 453 1980 illum
472 1922 587 1982 Atticus
607 1923 788 2004 curavitper
808 1921 973 1982 Minucium
994 1932 1133 2001 urgente·

165 2031 245 2089 riurn
266 2029 479 2111 Tarentinum,
500 2031 595 2111 quiin
611 2031 715 2090 vicinia
729 2039 800 2090 erat
818 2030 924 2091 Graev.
939 2029 995 2090 Atii
1014 2027 1059 2088 ad
1071 2029 1134 2090 Mi-

163 2137 285 2196 nucium
302 2149 473 2221 parcruem,·
494 2136 600 2196 Lomb.
617 2153 750 2220 pam,-
764 2136 819 2198 sed
831 2147 994 2219 utrumque
1008 2159 1046 2198 ex
1060 2157 1133 2198 con-

164 2247 289 2305 iectura.
318 2242 414 2305 Codd.
436 2247 513 2306 enim
533 2241 647 2306 hebent
663 2259 828 2328 parentum,
851 2245 930 2305 infra
950 2265 1028 2304 unus
1045 2243 1132 2305 Amb.

164 2373 235 2412 cum
257 2351 304 2412 ed.
326 2353 400 2412 lens.
421 2373 494 2412 uam
513 2351 590 2436 quid
608 2349 740 2432 egerim?

126 2479 163 2521 n
185 2459 314 2542 Supphr,
329 2471 359 2521 te
374 2459 529 2541 colligere3
550 2457 608 2520 hoc
622 2469 682 2541 est,
702 2479 849 2520 summam
864 2459 953 2518 XXX
966 2459 1133 2519 sestertium

162 2566 311 2628 conficere
337 2570 467 2650 potuisse
493 2569 638 2648 mirarer,
663 2569 718 2627 uisi
745 2565 840 2626 multo
863 2564 1071 2645 redigerentur
1094 2586 1133 2626 ex

162 2673 293 2758 proediis
311 2673 475 2735 Fufidianis
495 2675 559 2758 (ep.
581 2694 639 2756 seq.
662 2675 706 2752 2).
728 2674 835 2755 Agitur
855 2671 894 2734 de
907 2672 1053 2734 fiuctibus
1067 2672 1132 2732 Fu·

163 2781 292 2844 fidianae
313 2783 497 2860 hereditatis,
518 2802 578 2844 uon
598 2794 699 2843 autem
720 2781 759 2844 de
779 2781 873 2844 fundo
890 2779 1050 2844 Fufidiano
1067 2783 1130 2866 (cp.

162 2887 304 2972 CXLVI,
325 2895 375 2970 n),
396 2912 487 2973 quem
508 2890 581 2952 olim
600 2891 706 2952 Cicero
727 2902 849 2953 emeret

125 3001 162 3061 13
184 3002 283 3060 Locus
304 3021 322 3058 o
342 2998 469 3060 librariis
488 3011 518 3060 et
531 2999 751 3062 correctoribus
763 2999 851 3062 foede
865 3000 1058 3062 edtdteratus.
1070 3001 1131 3062 Nos

162 3110 362 3191 expressimus
381 3107 444 3169 fere
464 3106 622 3169 lectionem
642 3108 813 3192 vulgatam,
826 3119 857 3171 et
869 3111 979 3192 partim
992 3109 1132 3187 Victorii,

159 3217 287 3278 Manutii
308 3225 340 3276 et
358 3215 516 3294 Lambini,
537 3237 615 3298 quoe
636 3216 833 3278 commodum
853 3215 976 3278 exhibet
995 3235 1132 3297 sensum,

159 3327 184 3384 ci
205 3327 336 3407 excipias
349 3323 511 3408 abruptum
525 3325 599 3386 iliud
613 3339 641 3386 et
654 3323 688 3386 id
699 3325 794 3386 video.
815 3325 877 3386 Nec
891 3323 1045 3386 meliorem
1059 3344 1131 3384 vero

159 3431 253 3493 hebet
280 3433 427 3493 correctio
453 3433 621 3495 Graeviona
641 3433 681 3494 Ei
700 3432 734 3496 id
757 3432 842 3494 video
869 3445 975 3494 tamen.
1008 3432 1050 3494 Te
1074 3453 1132 3493 ex-

159 3556 270 3624 specto,
284 3559 374 3624 quem
387 3539 495 3614 videre,
511 3542 539 3600 si
551 3543 612 3602 ullo
627 3539 717 3602 modo
734 3554 832 3623 potest
851 3539 964 3624 (poscit
975 3540 1053 3602 enim
1067 3543 1131 3620 nes)
1222 3611 1228 3628 ι

157 3649 320 3730 pervelim
342 3665 434 3731 quem
453 3647 588 3732 plerique
609 3651 809 3711 recentiorum
829 3659 1016 3732 receperunt.
1037 3647 1132 3732 Vide,

161 3759 212 3834 eie,
233 3755 317 3844 opud
337 3759 435 3840 ipsum
457 3757 565 3818 Graev.
580 3759 676 3818 varim
689 3757 836 3820 librorum
854 3758 1008 3836 lectiones,
1022 3757 1131 3840 quibus

163 3861 225 3923 fere
247 3877 412 3926 consonent
432 3863 554 3946 Ambo,
574 3885 708 3949 qumque
729 3865 789 3929 huc
809 3865 917 3928 efferre
941 3866 981 3928 nil
1002 3866 1129 3951 expedit.

128 3971 162 4044 πά
185 3969 240 4032 Hic
262 3993 384 4055 quoque
407 3973 498 4034 tutius
520 3993 673 4037 cememiu
692 3974 849 4038 lectionem
867 3973 1018 4058 videntum
1032 3979 1130 4057 sequi:
