2932 4954
523 359 560 404 iu
586 355 773 406 neisrocts
970 385 971 390 κ
1079 339 1146 414 551

187 483 227 524 eo
249 459 340 520 modo
361 477 424 519 csse
442 458 648 539 puniendum,
677 480 740 541 quo
760 459 865 520 stultus
886 463 1024 542 punitur,
1043 465 1152 526 scilicet

188 572 288 652 suine,
310 589 378 628 nou
391 569 490 626 eutem
512 567 633 627 exsilio„

144 701 163 759 7
189 677 260 738 seit
281 679 364 736 Deue
379 677 554 752 Victoriae,
580 697 670 755 quam
699 677 823 749 Romani
850 676 997 738 finxerant
1020 692 1051 738 et
1069 681 1149 740 coie-

187 785 270 845 bant.

140 893 161 954 8
183 893 315 952 Excusat
335 889 454 973 culpam
474 891 590 949 suam':.
611 912 678 950 nain
711 911 804 972 quum
824 907 958 952 aremius
976 894 1148 957 adversario

183 1001 390 1071 maledixerit,
412 998 488 1060 idest
508 999 580 1058 dum
602 1001 705 1058 contre
726 1021 796 1060 eum
816 1000 978 1082 militabam
999 1001 1031 1062 id
1052 1005 1149 1064 omni·

182 1109 243 1168 bus
264 1119 307 1170 est
326 1127 501 1188 comnnme,
513 1105 591 1171 hosti
606 1107 889 1189 quomodocumque
902 1107 1008 1170 obesse
1016 1131 1058 1170 nc
1069 1109 1150 1172 mele

183 1217 302 1276 inferre.
326 1216 446 1298 Optat-it
464 1213 555 1296 porro'
577 1214 691 1276 edimus
705 1235 773 1275 cum
787 1217 1014 1299 recentioribus,
1029 1228 1066 1278 ut
1076 1239 1147 1280 con-

180 1326 289 1384 sentiat
308 1344 371 1404 sup.
384 1323 507 1402 feeerit,
530 1343 585 1403 pro
606 1323 726 1404 vulgato
746 1335 867 1406 optaret.
900 1325 903 1333 '

138 1431 265 1512 unia
284 1441 354 1490 vote
373 1449 434 1489 uon
461 1431 592 1510 cogitat,
622 1451 700 1512 quae
726 1433 756 1491 in
781 1433 878 1512 ipsum
904 1429 943 1490 eb
971 1431 1148 1493 adversariis

179 1537 262 1596 sacta
281 1548 357 1596 sunt.
378 1537 502 1598 Merui..
516 1536 623 1598 umbo.
645 1557 748 1598 omnes
768 1539 876 1619 aliique
896 1540 1031 1612 ominbus
1052 1539 1083 1600 io
1102 1560 1147 1600 re-

178 1645 236 1702 brer
249 1644 334 1726 felix
352 1655 404 1704 est.
998 1715 1000 1724 Ι

143 1773 179 1812 ro
202 1752 271 1812 Hoc
291 1763 336 1812 cst
355 1755 406 1833 qui
427 1752 608 1833 eoepe‘deos
626 1753 739 1832 precati
761 1765 848 1830 sunt,
869 1765 903 1814 ut
923 1754 1018 1836 ipsum
1040 1753 1144 1836 perde·

180 1871 258 1920 rent.
284 1858 428 1919 Venerari
448 1860 529 1920 Deos
556 1859 694 1939 frequens
721 1871 783 1937 est,
809 1864 982 1942 praesert'm
1003 1863 1142 1937 comicie,

177 1987 236 2048 pro
259 1968 368 2048 pecori,
381 1967 416 2026 F.
433 1966 556 2026 Vrsinus
575 1969 605 2024 in
620 1966 696 2026 libro
717 1979 793 2026 msto
814 1989 845 2029 se
866 1971 1008 2050 reperisse
1029 1969 1145 2052 aitQia‘

175 2073 274 2133 nuella
294 2071 366 2133 deor
385 2073 527 2146 venerati,
555 2075 649 2134 muira
671 2078 787 2157 precati
811 2077 870 2136 sint
895 2097 921 2135 r.
942 2097 967 2134 r„
987 2100 1011 2136 so
1035 2078 1142 2138 Greev.

176 2183 274 2241 Nemo
296 2201 368 2260 ergo
388 2201 449 2240 non
469 2183 601 2262 suspicit,
622 2181 767 2262 glossema
780 2205 856 2264 esse,
870 2183 952 2264 quod
965 2185 1141 2265 Most-Leg.

176 2295 297 2350 incauto
318 2292 437 2370 recepit.
469 2287 551 2347 Libri
571 2299 641 2348 vett.
669 2289 777 2371 eliqui5
808 2301 842 2348 ut
865 2290 930 2352 cod.
952 2291 1074 2350 Rec.·et
1094 2289 1140 2351 ed.

176 2395 287 2478 Rom,
306 2393 334 2457 νζ
353 2407 426 2456 sunt.
459 2396 558 2476 Supra
589 2417 661 2455 vero
689 2396 781 2476 ntiqui
803 2397 872 2458 olim
893 2417 984 2478 qrtum
1009 2399 1144 2476 ignoscat

174 2506 322 2564 omnibus.

142 2631 170 2668 ιι
196 2613 262 2670 Non
284 2611 376 2673 modo
397 2609 479 2692 quod
500 2610 571 2670 mihi
592 2612 818 2691 temperaverint
840 2610 1145 2691 aliquantutum,sed1

175 2724 246 2800 quie
268 2719 464 2802 etiempinne
485 2719 558 2779 elius
577 2718 858 2801 suerim',du1npro
876 2739 960 2778 more
980 2740 1049 2780 mco
1070 2721 1141 2779 scri-

173 2826 247 2890 bere
279 2845 341 2886 non
369 2829 553 2909 potuissem,
580 2825 633 2886 sed
660 2826 885 2888 exhorruissent.
912 2825 963 2887 Sic
983 2827 1044 2888 fere
1065 2826 1140 2886 Cor·
1166 2895 1167 2900 η

174 2936 241 2994 tius.
263 2934 380 3016 Scripsi
399 2932 436 2994 de
456 2947 483 2994 te
499 2955 608 3017 parce,
622 2953 660 2993 ne
675 2934 784 2994 Caesar
798 2933 1008 2995 offenderetur.
1023 2935 1139 2996 Mueut.

173 3041 261 3103 Amb.
286 3063 303 3120 7
325 3061 394 3100 cum
415 3043 485 3102 Rcc.
512 3043 619 3124 scripsi
649 3041 686 3102 de
712 3055 739 3102 te
763 3041 877 3111 Crteear
890 3059 944 3124 p.3
971 3042 1008 3100 el.
1033 3041 1141 3122 scripsi

173 3147 210 3206 de
234 3147 372 3208 Caesare.

141 3271 173 3311 ια
193 3253 359 3316 Incitatum
379 3258 501 3338 opponit
522 3255 672 3336 eleganter
691 3269 845 3315 revocato:
877 3267 921 3314 est
947 3255 1025 3314 enirn
1047 3253 1138 3314 vehe-

174 3381 258 3420 mens
274 3375 305 3422 et
319 3361 438 3436 ardens,
452 3362 606 3444 quomodo
620 3364 688 3442 equi
703 3363 822 3422 incitari
834 3361 980 3420 dicuntur.
995 3361 1044 3420 Sic
1058 3360 1136 3420 Svet

174 3466 259 3527 Caes.
281 3487 306 3528 c.
330 3489 369 3548 7:
398 3467 476 3528 Etim
495 3471 672 3531 coniectores
691 3467 736 3528 ud
752 3468 973 3550 amplissimam
992 3487 1075 3548 spem
1095 3467 1138 3526 in-

172 3574 339 3634 citaverunt
361 3575 427 3634 Non
448 3587 548 3636 autem
568 3587 666 3658 potest
687 3596 748 3634 csse
770 3577 915 3657 scripture
936 3575 1068 3654 incitem,
1084 3571 1136 3632 ubi

173 3677 297 3740 effectus
318 3701 406 3763 euepe
426 3695 583 3742 revocetur
601 3695 634 3742 et
654 3686 815 3758 retinetur,
847 3684 932 3761 cique
954 3683 1136 3739 contrarium

174 3783 375 3848 scribendum.
396 3787 517 3847 etcum
538 3809 631 3868 genus
652 3788 767 3848 dicendi
790 3798 833 3847 est
853 3787 966 3864 eitum,
996 3788 1026 3845 in
1053 3785 1136 3866 quod

175 3892 262 3965 genio
283 3893 470 3988 indulgentes
489 3897 574 3974 quusi
592 3905 685 3977 raptu
702 3894 835 3976 quodam
855 3891 1032 3953 efficuntur:
1055 3891 1136 3952 tuido
