2900 4962
322 421 390 492 168
587 385 596 411 l
660 435 831 486 srrsroas
857 437 971 486 anxir.
1095 436 1125 485 a.
1143 440 1174 488 v.
1192 440 1221 487 c.
1236 452 1284 504 μ,

733 661 893 742 CDXLl
1044 708 1101 767 (aa
1116 707 1166 754 Αιι.
1182 709 1243 770 xc,
1261 713 1289 768 ι)
1361 683 1365 694 ’

318 851 538 928 Argumentum.
558 845 695 916 Nuntiat.
716 867 747 906 se
768 845 806 906 ad
827 847 1023 906 constitutum
1038 845 1066 908 V
1081 845 1151 908 Kal.
1172 829 1242 908 cuni
1265 852 1314 910 Al·

357 958 415 1046 rico
437 973 675 1036 congressurum.

458 1163 512 1214 sar.
529 1162 556 1214 sn
574 1125 640 1216 uus
653 1161 685 1213 a.
704 1159 736 1210 v.
754 1159 784 1216 c.
804 1159 941 1226 nccvn,
959 1159 1025 1212 vur
1045 1159 1103 1212 sn.
1123 1159 1180 1214 run.

631 1359 775 1424 cresso
801 1359 951 1424 sruco
975 1325 1006 1423 'sss

365 1545 565 1622 Vndecimo
592 1547 649 1621 die
673 1563 864 1649 postquam
889 1575 909 1621 a
935 1545 971 1622 te
987 1548 1231 1663 discesseram,
1247 1549 1316 1625 hoc

315 1675 529 1750 litemlarum
556 1675 712 1774 exaravi,
738 1665 917 1773 egrediens
943 1701 963 1748 e
989 1676 1070 1750 villa
1088 1691 1170 1750 aare
1186 1675 1316 1751 lucem:

316 1818 422 1906 atque
448 1829 491 1876 eo
517 1802 574 1876 die
599 1801 798 1902 cogitabam
818 1804 853 1876 in
870 1797 1073 1904 Anagnino,
1091 1798 1236 1905 postem
1260 1831 1316 1877 au-

316 1945 387 2003 tem
421 1931 457 2001 in
483 1927 706 2026 Tusculano,
742 1927 792 2000 ibi
824 1955 934 2001 unum
971 1929 1072 2002 diem.
1102 1931 1138 2001 V
1168 1930 1315 2004 Kalend.
1438 1985 1439 2022 ,

315 2057 422 2153 igitur
453 2054 500 2128 ad
537 2056 768 2128 coustitutum
789 2071 817 2125 ¹:
851 2069 955 2156 alque
981 2057 1123 2160 'utinam
1148 2059 1317 2133 continuo
1438 2145 1439 2162 ,

316 2182 361 2256 ad
388 2181 613 2282 complexum
638 2206 735 2253 meae
753 2179 906 2281 Tulliae,
931 2181 978 2255 ad
1002 2183 1160 2257 osculum
1179 2186 1316 2258 Atticae

314 2310 448 2411 possim
475 2315 631 2382 currere!
651 2306 761 2401 Quod
777 2306 919 2408 quidem
936 2311 1053 2410 ipsum
1070 2310 1200 2410 scribe,
1217 2327 1316 2413 quae-

315 2463 372 2536 so,
398 2436 444 2509 ad
462 2463 536 2536 me,
553 2448 608 2534 ut,
627 2433 712 2507 dum
730 2431 885 2507 consisto
904 2435 942 2506 iu
959 2435 1179 2537 Tusculano,
1195 2439 1316 2537 sciam,
1438 2487 1439 2492 κ

315 2563 402 2666 quid
427 2563 600 2662 garriat23
624 2561 679 2635 sin
704 2562 910 2661 russicatur,
927 2561 1013 2664 quid
1039 2561 1169 2636 scribat
1194 2564 1315 2668 ad'tef

314 2689 415 2788 eique
440 2691 571 2763 interea
598 2704 659 2762 aut
684 2688 815 2764 scribes
841 2689 988 2762 salutem
994 2745 1006 2790 ,
1024 2703 1084 2764 aut
1100 2691 1279 2766 nuntiabis
1291 2694 1316 2790 ³,
1438 2681 1439 2772 J

314 2793 468 2914 itemque
493 2814 615 2887 Piliae.
638 2817 688 2890 Et
713 2829 847 2914 tamen,
872 2818 939 2890 etsi
963 2819 1132 2893 continuo
1157 2845 1315 2918 congres-

314 2941 385 3012 suri
411 2967 548 3038 sumus,
573 2939 703 3012 scribes
720 2940 767 3013 ad
783 2968 858 3039 mc,
875 2944 905 3014 si
921 2943 1008 3045 quid
1023 2943 1179 3018 habebis.
1193 2947 1316 3038 Quum

315 3065 561 3168 complicarem
578 3065 671 3139 hauc
687 3067 1179 3168 epistolam,'noctuabundus
1197 3072 1316 3145 adme

314 3196 412 3268 venit
437 3219 517 3266 cum
543 3191 691 3293 epistola
717 3208 776 3268 tua
803 3194 1019 3270 tabellarius:
1045 3225 1114 3298 qua
1139 3197 1248 3298 lecta,
1274 3199 1317 3270 de

312 3317 451 3395 Altinae
468 3319 634 3393 febricula
651 3319 786 3394 scilicet
802 3320 905 3395 valde
924 3321 1030 3395 dolui.
1051 3323 1211 3424 Reliqua,
1229 3351 1316 3427 quae

187 3496 195 3518 ,
313 3446 578 3548 exspectabam,
602 3473 645 3519 ex
672 3449 740 3520 tuis
765 3445 874 3521 literis
899 3449 1050 3546 cognovi
1076 3451 1204 3523 omnia.
1231 3449 1314 3550 Sed,

313 3574 410 3677 quod
427 3573 567 3672 scribis,
583 3573 782 3672 igniculum
799 3575 1055 3674 amiralinum,
1075 3587 1316 3674 yspcmzaolrepca

315 3716 369 3774 est
393 3701 596 3776 memoriola
622 3699 794 3774 vacillare.
820 3701 899 3799 Ego
925 3703 1019 3774 enim
1043 3705 1097 3775 IV
1120 3703 1201 3777 Kal.
1227 3707 1315 3779 Axio

315 3826 496 3929 dederam,
520 3828 585 3902 tibi
610 3829 680 3927 III,
706 3827 858 3925 Quinto,
883 3853 954 3928 quo
981 3829 1037 3902 die
1063 3831 1256 3930 venissem,
1279 3829 1314 3903 id
1438 3895 1439 3916 2

313 3957 389 4026 est⁵
401 3956 436 4030 V
448 3956 524 4030 Kal.
539 3955 618 4030 Hoc
636 3956 741 4052 igilur
758 3951 939 4027 habebisfl:
956 3957 1040 4030 novi
1057 3955 1311 4052 nihil—Quid
1438 3947 1439 3972 l
