2932 4954
529 409 567 458 ιιι
593 405 782 457 retenone
1083 381 1155 460 525

195 513 246 594 qui
265 507 427 594 pudenter,
449 509 532 593 quod
551 508 649 592 planet
668 511 690 570 l.
711 510 748 571 V.
771 506 895 568 Clerico.
921 507 993 570 Mox
1013 529 1069 591 pro
1085 510 1156 591 son

195 620 262 679 titer
279 617 357 678 Amb
384 617 419 678 15
442 617 593 678 audacter.

1 735 18 770 ,e
152 725 381 805 7Aeerborum
401 725 506 785 solium
526 723 644 786 iocundi
664 743 734 784 cum
753 741 876 803 morsu,
894 722 1063 805 pungendi,
1087 743 1155 806 spe-
1291 748 1305 778 s

195 835 239 895 oie
259 833 441 894 urbanitatis.
461 831 490 894 I.
512 833 549 894 F.
573 831 700 892 Gronov.

1 872 22 983 it
151 939 173 1002 8
194 941 255 1002 Mei
276 960 374 1002 causa.
397 937 523 1001 Gormd.

150 1069 173 1131 9
194 1047 338 1109 Catilinae
359 1050 561 1108 eoniumtione
582 1067 737 1132 oppressu,
756 1045 831 1108 vidit
851 1045 1011 1109 Manutius.
1028 1045 1098 1107 Tibi
1115 1047 1154 1108 li-

192 1154 308 1228 berum,
330 1155 458 1237 intellige
478 1153 697 1216 inscribendo.

156 1281 194 1322 ιο
213 1261 336 1343 Pighius
356 1261 395 1322 de
415 1264 618 1323 coniuratione
630 1261 799 1322 Catilinarin
817 1259 877 1321 hoo
897 1259 1010 1320 dictum
1031 1262 1153 1345 aecipit3

193 1367 345 1430 Manutius
374 1369 413 1430 de
444 1369 568 1430 consiliis
596 1368 628 1429 C.
654 1369 774 1428 Antonii
799 1389 818 1427 a
841 1368 876 1431 P.
897 1367 999 1428 Sextio
1019 1367 1155 1429 Ciceroni
1224 1384 1227 1392 ’

193 1475 364 1560 patefactis3
390 1497 447 1560 pro
468 1476 549 1540 Sext.
570 1497 596 1538 o.
618 1475 645 1537 3.
666 1475 737 1537 Mox
756 1475 862 1536 Lomb.
883 1475 991 1558 aliique
1011 1476 1058 1538 riu
1077 1496 1153 1538 vera.

561 1795 749 1859 CDLXVlll.

1 2053 14 2074 ι
156 2031 167 2070 ι
193 2009 269 2071 Tres
290 2007 397 2070 Ambb.
419 2009 525 2092 aliique
545 2020 615 2072 vett.
635 2009 703 2072 libri
723 1967 840 2072 nuncio:

2 2136 15 2181 ι
150 2137 171 2177 2
192 2115 297 2178 Lumb.
320 2128 434 2179 emsto
455 2117 538 2178 dedit
556 2131 583 2180 te
601 2116 640 2180 de
659 2118 762 2180 rebus:
795 2129 826 2180 et
854 2137 925 2179 sene
952 2118 1152 2200 praepositio,

191 2247 283 2308 quom
303 2225 351 2285 elii
372 2223 527 2286 abundare
546 2224 745 2300 arbitrantur,
775 2247 844 2286 mss.
865 2245 986 2308 qnoque
1015 2234 1153 2302 servant,

191 2345 267 2394 teste
286 2332 409 2394 Lollem.
432 2331 564 2411 Quidem
585 2331 690 2393 iisdem
710 2332 748 2394 de
768 2331 869 2405 relus,
896 2333 958 2391 eine
978 2332 1153 2413 pronomine

192 2455 237 2515 te,
268 2440 352 2522 quod
382 2439 431 2502 hic
460 2443 658 2500 necessarium
689 2459 751 2500 esse
781 2459 870 2500 nemo
899 2457 960 2498 non
979 2435 1068 2497 videt.
1087 2435 1155 2496 Atti

193 2546 299 2608 iisdem
318 2549 408 2609 etiam
427 2547 466 2610 de
486 2549 581 2609 rebus.

151 2654 171 2714 3
192 2654 233 2714 Ει
251 2653 301 2716 hic
320 2655 453 2717 refellere
473 2654 713 2733 omniunititur‚
730 2672 806 2734 quae
827 2649 958 2712 reditum
977 2651 1008 2710 in
1027 2650 1154 2732 petriam

192 2761 365 2824 dissuadere
383 2760 525 2822 Marcello
546 2759 733 2840 videbantur,
747 2757 1002 2842 quemadmodum
1022 2756 1154 2840 superio-

191 2868 276 2930 ribus
296 2891 362 2952 epp.
377 2869 528 2932 CDLXIV
543 2879 573 2930 et
586 2867 747 2930 CDLXVI.
766 2867 840 2928 Mox
858 2877 944 2930 vetus
965 2863 1032 2926 ond.
1046 2862 1154 2926 Silberi

191 2977 295 3038 notter.

117 3143 121 3153 ,
149 3083 258 3164 tillon
276 3093 307 3144 te
328 3082 428 3162 decet,
447 3081 494 3144 vel
513 3102 574 3143 non
595 3085 691 3143 estin
716 3093 769 3143 tue
794 3091 956 3164 potestate,
982 3077 1099 3138 moveri
1121 3085 1152 3136 et

192 3189 330 3252 laborare
349 3189 413 3250 solo
434 3189 590 3251 oculorum
610 3209 718 3272 sensu,
736 3189 796 3250 hoo
816 3199 879 3268 eet,
900 3187 1013 3248 moveri
1034 3193 1064 3245 et
1082 3203 1153 3264 per-
1279 3261 1284 3270 .

192 3296 308 3360 turbari
330 3296 428 3358 solnm
447 3298 481 3357 iis
501 3297 592 3359 rebus
611 3317 689 3378 quae
709 3295 856 3356 ridentur.
869 3293 974 3354 Sotrm
989 3287 1153 3366 redundat,

192 3415 224 3466 et
242 3405 326 3466 obest
345 3407 376 3466 in
395 3413 497 3466 nostro
522 3404 580 3484 14,
601 3402 737 3464 additum
757 3412 859 3463 tomen
880 3421 899 3460 a
919 3419 937 3460 2
958 3415 1060 3458 manu.
1147 3385 1154 3396 ⁸

148 3507 253 3575 duee
273 3523 303 3574 te
323 3511 409 3574 decet
429 3514 525 3573 minus
546 3510 686 3572 laborare
706 3529 800 3592 quum
821 3506 910 3587 illud,
941 3503 1023 3588 quod
1053 3500 1154 3564 videre

192 3641 255 3682 non
274 3621 337 3699 vir,
357 3618 479 3680 nuribus
499 3620 664 3703 pereipins3
689 3617 721 3678 id
744 3615 828 3699 quod
847 3615 938 3675 moris
958 3610 1052 3674 videri
1072 3607 1154 3670 solet.

192 3725 263 3788 Vid.
284 3726 324 3788 ed
344 3749 390 3810 ep.
410 3725 527 3788 DXVll
548 3727 611 3787 init.
632 3724 730 3808 Aliqui
750 3723 851 3784 delent
869 3721 958 3782 idem.

151 3833 173 3898 6
193 3833 277 3895 Haec
295 3833 389 3896 verba
408 3833 581 3894 Ruukenius
600 3833 641 3894 od
660 3831 807 3894 Velleium
827 3827 1020 3892 Paterculum
1044 3847 1073 3886 u.
1099 3822 1155 3900 144

192 3943 306 4026 optimo
336 3944 402 4003 iure
431 3951 467 4002 ut
492 3939 614 4002 indutie
645 3941 817 4021 domnevi13
848 3936 976 4018 ideoque
999 3933 1154 4006 thtiuiru
