2898 4956
330 398 398 472 ¹9⁰
645 386 824 438 semrom.
842 385 980 436 coitum.
1100 385 1132 432 a.
1150 386 1183 433 v.
1200 385 1229 430 c.
1249 399 1294 446 7⁰7

325 499 412 596 etsi,
443 494 528 598 qnid
553 492 662 592 magis
685 489 847 594 placeat,
879 513 944 588 ego
968 502 1140 590 quantum
1165 487 1322 589 aspicio,

326 649 397 696 non
422 621 520 694 facile
544 619 727 694 inveneris.
753 619 843 692 Cum
868 615 1017 689 Mustela
1033 615 1320 717 ⁸¹,qremadmo-

325 751 409 824 dum
441 748 583 848 scribis,
621 772 730 847 quum
763 743 898 818 venerit
928 744 1082 845 Crispus.
1111 743 1169 817 Ad
1193 742 1320 818 Aulum

324 876 465 977 scripsi,
490 889 530 947 ut
554 896 613 973 ea,
639 897 728 974 quae
749 869 843 944 bene
859 895 1000 946 nossem
1018 871 1062 944 de
1079 897 1183 972 auro,
1202 871 1322 945 Pisoni

324 1003 579 1076 demonstraret
592 1015 632 1072 ¹².
649 997 740 1070 Tibi.
755 997 854 1074 euim'
867 1021 959 1074 ‘eane
985 1000 1147 1098 assentio,
1166 1011 1203 1071 et
1227 998 1321 1072 istud

320 1131 468 1206 nimium
493 1127 552 1202 diu
578 1123 676 1225 duci,
702 1137 740 1199 et
763 1126 880 1200 omnia
900 1149 994 1218 nunc
1011 1123 1166 1227 undique
1185 1137 1322 1202 contra·

321 1255 437 1334 hendo
458 1257 497 1326 ¹³.
523 1254 576 1326 Te
601 1251 744 1355 quidem
768 1251 857 1328 nihil
889 1277 1013 1352 agere,
1029 1307 1030 1312 ,
1047 1250 1135 1329 nihil
1168 1252 1320 1352 cogitare

322 1380 439 1480 aliud,
462 1381 531 1453 nisi
556 1379 655 1481 quod
679 1377 724 1452 ad
749 1405 806 1454 me
831 1381 1022 1482 pertineat,
1052 1377 1151 1452 facile
1183 1379 1319 1480 perspi-

323 1510 396 1604 cio;
428 1507 583 1607 meisque
607 1507 755 1604 negotiis
781 1505 942 1607 impediri
969 1505 1197 1607 cupiditatem
1223 1518 1320 1577 tuam

322 1633 369 1707 ad
392 1659 448 1706 me
475 1631 645 1706 veniendi.
684 1631 754 1705 Sed
778 1659 916 1706 mecum
942 1659 1017 1706 esse
1043 1647 1077 1704 tc
1102 1645 1214 1733 put03
1245 1655 1320 1706 raon

321 1758 434 1833 solum
460 1747 557 1862 quod
581 1784 697 1832 meam
721 1752 807 1832 rem¹
822 1759 913 1860 agis,
944 1785 1067 1833 verum
1092 1759 1198 1830 etiam
1224 1755 1319 1858 quod

321 1885 441 1959 videre
465 1884 610 1986 videor,
634 1913 708 1989 quo
731 1885 839 1964 modo
859 1913 963 1992 ‘agam
989 1911 1103 1990 neque
1129 1884 1225 1956 enim
1253 1880 1319 1954 ulla

324 2011 410 2084 hora
436 2011 486 2082 tui
511 2010 596 2083 mihi
621 2024 675 2084 est
699 2013 814 2111 operis
839 2013 970 2110 ignota.

370 2140 393 2231 4
418 2135 597 2209 Tubulum
630 2151 827 2238 praetorem
860 2137 995 2237 video,
1013 2141 1051 2216 L.
1077 2131 1252 2232 Metello,
1276 2134 1317 2226 Q.

321 2263 473 2336 Maximo
499 2261 709 2338 consulibus.
727 2263 830 2336 Nunc
847 2261 969 2363 velim,
984 2266 1023 2342 P.
1041 2260 1212 2336 Scaevola
1226 2285 1320 2361 pou·

320 2389 403 2464 tisex
427 2389 613 2492 maximus,
633 2390 759 2494 quibus
785 2373 986 2466 corisulibus
1013 2392 1170 2466 tribunus
1196 2388 1318 2496 plebis·

317 2516 493 2622 Equidem
525 2534 614 2620 puto
647 2519 836 2624 proximis,
863 2507 1047 2623 Caepione
1075 2535 1112 2594 et
1135 2521 1319 2623 Pompeio.

318 2647 465 2719 Praetor
489 2647 581 2720 enim
607 2648 646 2721 P.
672 2647 802 2746 Furio,
834 2647 913 2720 Sex.
939 2646 1191 2729 radionatis
1217 2651 1320 2750 igitur

319 2769 551 2870 tribunatum,
575 2787 629 2872 et,
644 2774 672 2848 si
690 2775 840 2874 poteris,
855 2772 1014 2852 Tubulus
1032 2801 1102 2878 quo
1121 2777 1266 2852 erimine
1280 2774 1316 2848 ¹4.

318 2895 367 2968 Et
393 2894 487 2994 vide,
511 2921 658 2997 quaeso,
680 2901 721 2974 L
745 2899 852 2999 Libo,
878 2899 958 3000 ille,
983 2903 1044 3003 qui
1069 2902 1115 2980 de
1140 2903 1212 2978 Sor.
1239 2901 1318 2978 Gal·

317 3019 384 3119 ba,
409 3022 648 3098 Censorinone
673 3038 710 3096 et
734 3025 903 3128 Manilio,
928 3054 973 3102 an
998 3029 1040 3102 T.
1066 3029 1237 3128 Quintio,
1262 3027 1318 3100 Μ]

317 3145 430 3220 Acilio
464 3147 665 3224 consulibus
697 3151 995 3255 tribunusplebis
1028 3157 1132 3230 fuerit
1150 3158 1191 3228 ¹⁵.
1224 3157 1317 3232 Con·

318 3272 435 3346 turbat
460 3274 553 3346 enim
578 3302 634 3349 me
657 3277 694 3352 in
711 3279 810 3354 Bruti
827 3281 981 3384 epitome
997 3281 1262 3357 Fannianomm
1277 3287 1317 3382 ¹⁰,

316 3400 486 3501 scriptum
511 3401 608 3506 quod
633 3419 708 3479 erat
732 3406 771 3479 io
795 3390 972 3482 extremo:
998 3407 1105 3514 idque
1131 3437 1196 3514 ego
1222 3437 1317 3486 secu·

316 3540 389 3627 tus,
413 3526 507 3602 hunc
531 3529 725 3632 Fannium,
749 3533 810 3635 qui
834 3537 975 3638 scripsit
999 3536 1199 3638 historiam,
1216 3565 1314 3640 gene·

314 3679 392 3730 rum
408 3681 484 3730 esse
500 3657 708 3759 scripseram
725 3659 836 3740 Laelii
846 3677 885 3734 ¹⁷:
903 3663 967 3738 sed
984 3679 1022 3740 tu
1039 3691 1096 3740 me
1112 3677 1313 3761 γεωμετρικῶς

316 3775 502 3884 refelleres,
528 3797 562 3856 te
587 3801 705 3860 autem
729 3811 824 3861 nuno
847 3791 977 3862 Brutus
1002 3807 1038 3864 et
1054 3792 1219 3866 Fannius
1237 3795 1314 3897 Ego

318 3913 434 3988 tamen
459 3905 626 4016 debono
660 3927 802 4024 uictore
827 3916 1016 3994 Hortemio
1036 3921 1067 3972 ¹⁸
1091 3919 1142 3994 sic
1168 3943 1312 4022 accepe-
