2880 4956
310 450 360 530 86
663 465 833 516 mussona
857 463 964 511 euxia.
1097 459 1125 504 a.
1140 459 1172 508 v.
1190 457 1218 504 c.
1237 453 1285 518 με

417 703 470 756 ser.
489 699 617 754 umnam
637 699 665 750 a.
685 695 718 748 v.
736 697 765 748 e
785 689 907 758 uccvi,
927 689 1015 741 xviu
1036 687 1094 740 nat.
1111 687 1203 756 Quint.

623 887 769 954 etet-:tto
794 883 945 949 ATTlCO
969 883 1000 946 S.

356 1081 636 1188 Prepa-antibus
659 1075 850 1154 tabellariis
874 1072 995 1149 alienis
1016 1069 1109 1144 hmo
1125 1064 1310 1166 epistolam

309 1213 408 1289 dedi:
426 1213 471 1286 eo'
487 1210 631 1286 brevior
646 1221 717 1304 est,
731 1217 771 1277 et
785 1201 884 1306 qnod
900 1224 996 1274 eram
1020 1197 1188 1270 missurus
1204 1218 1309 1267 meos.

309 1340 426 1414 Tullia
451 1361 529 1410 mea
555 1336 654 1410 venit
678 1331 726 1406 ad
748 1356 806 1403 me
832 1326 947 1430 psidie
972 1323 1057 1397 Idus
1081 1322 1178 1418 Iun,
1198 1317 1312 1419 &que
1391 1417 1394 1425 Ι

310 1481 372 1540 tua
396 1491 476 1564 erga
502 1488 540 1537 se
564 1459 788 1536 ubsemantia
812 1451 1118 1550 benivolentiaque
1130 1443 1221 1518 'anilii
1237 1442 1314 1544 plu·

310 1595 399 1666 rima
424 1588 605 1692 exposuit,
626 1585 813 1686 litemque
839 1577 996 1657 reddidit
1020 1575 1139 1648 trinas.
1158 1573 1238 1670 Ego
1256 1596 1314 1642 au-

313 1733 385 1792 tem
416 1741 460 1791 ex
491 1714 602 1816 ipsius
633 1712 781 1810 virtute,
812 1707 1053 1800 humanitate,
1083 1689 1215 1800 pietate
1240 1722 1313 1770 uon

313 1841 422 1924 modo
454 1867 532 1914 eam
564 1835 786 1938 voluptatem
818 1860 892 1908 non
926 1831 1026 1933 cepi,
1058 1851 1163 1930 quam
1188 1847 1313 1923 capere

312 1995 357 2044 ex
379 1965 545 2066 singulari
568 1961 639 2036 lilia
665 1961 789 2062 debui3
813 1959 877 2034 sed
899 1961 1007 2032 etiam
1025 1947 1314 2028 incredibili'suna

314 2093 437 2170 dolore
461 2092 623 2188 affectus,
649 2087 719 2163 tale
743 2087 924 2186 ingenium
949 2086 986 2159 in
1011 2093 1085 2156 tam
1105 2079 1233 2178 misera
1248 2076 1316 2150 son

315 2235 401 2294 tune
425 2217 577 2315 versari,
600 2215 708 2318 idque
733 2211 893 2288 accidere
916 2210 1015 2288 nullo
1038 2207 1148 2308 ipsius
1170 2203 1317 2300 delicto,

314 2371 451 2422 summa
477 2344 581 2447 eulpa
605 2367 684 2416 mea
703 2355 727 2414 ¹.
759 2343 883 2442 Itaque
911 2365 932 2411 a
957 2352 994 2411 te
1018 2357 1132 2436 neque
1155 2329 1316 2406 musola-

315 2477 448 2551 tionem
473 2475 565 2570 iam,
591 2479 660 2574 qu'a
686 2493 816 2570 cupere
840 2481 877 2540 te
900 2467 955 2539 uti
980 2447 1103 2560 video,
1134 2483 1200 2532 nee
1230 2481 1319 2530 eun-¹

314 2601 448 2702 silium,
472 2597 569 2704 quod
594 2598 673 2700 capi
698 2593 832 2670 nullum
858 2607 993 2698 potest,
1011 2601 1195 2692 exspect03
1211 2600 1316 2690 teque

316 2729 436 2802 omnia
461 2751 571 2828 quum
594 2723 832 2824 supen'oribus
857 2745 962 2820 saepe
987 2717 1112 2816 lituus,
1136 2731 1212 2789 tum
1237 2741 1317 2816 prp-

317 2851 419 2922 ximis
444 2863 598 2922 tentasse
622 2847 788 2945 intelligo.
819 2849 898 2944 Ego
923 2872 1004 2920 cum
1030 2841 1193 2920 Sallustio
1218 2841 1317 2916 Cice·

316 2989 469 3049 runem*
495 2973 542 3048 ad
566 2975 752 3047 Caesarem
777 2971 914 3044 mittere
940 2969 1156 3069 cogitabam„
1164 2966 1318 3040 Tulliam

319 3115 457 3198 autem,
488 3124 562 3172 uon
595 3097 775 3208 videbam.
793 3123 868 3170 esse
902 3124 1064 3194 eausam,
1097 3122 1160 3168 cur
1188 3092 1318 3168 diutius

318 3249 456 3302 mecum
481 3237 581 3299 tauto
605 3225 643 3298 in
668 3225 846 3298 communi
864 3249 1023 3300 moeroue
1041 3222 1234 3295 retinerem.
1249 3221 1318 3292 Ita·

319 3379 388 3457 que
420 3353 522 3426 matri
551 3377 630 3424 eam
647 3356 674 3450 ³,
699 3379 807 3458 qtmm
831 3353 985 3451 primum
1009 3349 1212 3450 peripsam
1235 3345 1320 3422 liue-

317 3497 390 3582 νει,
414 3506 509 3554 eram
541 3479 755 3552 inmissurus.
788 3481 858 3553 Pro
883 3505 923 3552 ea
930 3535 941 3578 7
971 3503 1076 3580 quam
1102 3473 1320 3547 admodum

320 3607 533 3682 consolantis
558 3607 743 3706 scripsisti,
769 3611 793 3676 ὡ
819 3605 910 3704 adal,
936 3631 976 3678 ea
1000 3617 1127 3705 putato
1151 3625 1208 3674 me
1233 3601 1319 3674 scri·

319 3735 446 3831 psisse,
470 3759 559 3836 quae
584 3746 624 3804 tu
649 3734 726 3833 ipse
750 3732 912 3832 intelligis
929 3729 1134 3830 responderi
1149 3728 1318 3830 putuisse.

321 3857 429 3947 Quod
452 3859 610 3960 Oppium
642 3872 760 3931 tecum
792 3857 914 3932 scn'bis
946 3855 1123 3953 locutum,
1153 3879 1226 3926 non
1256 3851 1319 3926 ab·

320 3979 440 4053 humet
466 4009 486 4054 a
511 4009 590 4057 mea
615 3984 813 4082 suspicione
839 3985 912 4056 eius
938 3983 1067 4057 oratio:
1088 3979 1152 4053 sed
1170 4004 1242 4052 non
1260 3978 1323 4052 du·
