2910 4962
677 435 947 486 annorlrtouas

756 645 862 709 CDVI.

310 892 321 930 1
346 867 424 929 Cod.
445 859 535 948 aliqui
556 875 586 926 et
606 862 674 924 edd.
694 871 764 925 vett.
782 883 910 945 possem.

306 997 323 1037 2
345 977 450 1039 Partes
480 973 589 1033 scilicet
614 972 812 1053 Pompeianas
837 973 866 1029 in
892 969 989 1029 Africa
1016 987 1048 1029 se
1072 967 1259 1050 recollegisse
1285 983 1314 1032 et

346 1082 537 1144 convaluisse.
558 1079 631 1140 ldeo
652 1077 814 1139 subnectit:
836 1099 890 1138 nor
911 1077 1049 1137 stultitiae
1069 1091 1188 1138 nostrae
1198 1081 1313 1159 gravis-

312 1235 316 1244 .
346 1191 441 1250 simas
459 1209 574 1273 poenas
597 1186 742 1270 pendam
769 1184 868 1267 quod,
894 1185 1017 1262 seilicet,
1043 1184 1099 1245 illis
1125 1197 1187 1245 tarn
1213 1186 1315 1247 validis

348 1299 471 1380 relictis,
491 1319 540 1359 me
561 1300 591 1357 in
611 1293 726 1356 ltaliam
747 1296 920 1376 receperim.
944 1294 1052 1354 Graev.

309 1407 327 1466 3
351 1405 443 1466 Herv.
465 1419 497 1466 ut
515 1424 594 1488 quae
613 1401 658 1464 ad
676 1423 722 1464 me
738 1404 881 1486 pertinent
901 1423 924 1461 a.
945 1423 984 1462 m.
1005 1422 1030 1462 c.

307 1515 329 1591 4
348 1514 479 1574 Pecunia
500 1533 560 1593 qna
580 1522 702 1573 utemur
723 1510 762 1570 ad
783 1521 897 1570 sumtus
917 1508 1114 1591 quotidianos.
1136 1509 1186 1570 Sic
1203 1510 1315 1569 Teren·

348 1623 407 1681 tius
427 1623 458 1680 in
470 1619 624 1703 Adelphis,
638 1619 677 1702 V,
691 1638 726 1702 9:
749 1616 902 1700 Siquidem
916 1651 958 1662 -
970 1630 1001 1676 tu
1020 1629 1101 1677 mum
1118 1615 1251 1700 officium
1260 1615 1315 1698 so·-

312 1797 313 1802 ¹
347 1730 424 1803 cies,
444 1741 533 1810 utque
554 1729 623 1787 huic
642 1726 764 1810 aliquid
786 1725 917 1798 dedetis,
939 1723 1017 1784 wide
1040 1737 1153 1798 matur,
1174 1721 1235 1784 hoc
1256 1737 1313 1802 est,

347 1836 485 1920 explanat
504 1837 657 1918 Donatus,
677 1835 758 1896 unde
779 1837 866 1896 vivat.
891 1833 952 1916 Qui
965 1832 1083 1892 ablativi
1099 1831 1167 1892 loco
1180 1843 1244 1892 tam
1257 1835 1313 1892 sin-

347 1942 442 2024 gulari
469 1963 561 2024 quam
587 1941 694 2025 plurali
721 1963 849 2002 numero
869 1952 983 2002 veteres
1002 1938 1164 2024 ponebant.
1185 1941 1309 2024 Popma.

345 2050 414 2112 Vid.
439 2050 567 2110 Gronov.
590 2049 627 2109 de
648 2049 717 2109 Pec.
738 2049 806 2110 Vet
827 2049 869 2132 ll,
891 2069 918 2129 7.

303 2155 325 2218 ὅ
345 2156 402 2217 Hic
421 2177 543 2239 possum
561 2158 718 2239 pecuniam
731 2155 805 2216 mihi
818 2157 1013 2216 necessariam
1026 2165 1164 2216 mutuam
1179 2175 1310 2234 sumere,

307 2260 312 2271 ’
344 2267 368 2324 si
388 2267 478 2325 sciam
498 2265 612 2324 Romae
634 2284 687 2325 vos
707 2265 850 2347 reperisse
870 2267 923 2345 qui
942 2263 1069 2324 solveret
1087 2261 1230 2324 creditori
1245 2283 1310 2325 meo

222 2413 225 2422 ψ
342 2394 399 2457 per
418 2371 656 2450 attributionem,
678 2383 713 2434 ut
733 2383 802 2434 ante
822 2375 853 2432 in
873 2371 1022 2434 Sallustio.
1042 2370 1156 2433 Docet.

301 2479 325 2542 6
345 2481 475 2562 Quintus
495 2481 595 2542 frater.
615 2481 732 2543 Scbt't'ta.
772 2532 776 2541 ,

748 2695 866 2759 CDVll.

310 2931 321 2972 ι
346 2909 412 2972 Hoc
432 2922 491 2992 est,
512 2910 550 2972 de
570 2909 700 2971 discessu
720 2910 758 2970 ab
780 2910 879 2994 ltalia,
899 2910 952 2971 ubi
976 2911 1150 2993 exceptione
1176 2910 1308 2972 Caesaris

343 3017 407 3102 (ep.
426 3017 540 3098 cmv)
562 3017 693 3079 sedebat.

302 3147 320 3187 2
340 3128 412 3188 Duo
435 3125 543 3188 Ambb.
568 3115 771 3210 quatrionem
797 3127 846 3188 alii
871 3147 981 3209 quom
1006 3125 1113 3187 Lamb.
1141 3127 1309 3212 Postmque

338 3257 440 3317 ‘lm-
557 3311 560 3316 ,

298 3342 498 3403 3Caesarem
517 3341 636 3404 scilicet

294 3449 317 3526 4
336 3449 548 3533 impulsorem,
569 3471 587 3510 a
607 3453 710 3526 limus,
732 3454 784 3534 qui
805 3461 849 3512 est
875 3448 1000 3512 baculus
1027 3453 1176 3510 incurvus
1203 3450 1237 3510 ln
1258 3469 1308 3508 ve·

334 3557 449 3618 teribus
469 3557 563 3644 libris,
584 3571 659 3622 teste
678 3561 803 3644 vetuo,
823 3559 980 3640 legebatur
1000 3559 1142 3630 illiciam,
1157 3557 1241 3640 quod
1248 3558 1306 3640 ¹lu·

334 3667 401 3724 nius
421 3665 568 3746 defendit,
589 3689 678 3750 quern
700 3667 784 3751 vide,
805 3669 828 3727 si
849 3666 941 3728 lubet.

296 3767 467 3853 Sintellige
493 3773 621 3834 Balbum
652 3773 832 3836 Cornelium.
864 3775 937 3834 Mox
965 3794 1022 3856 pro
1049 3793 1222 3854 cognossem
1252 3770 1299 3832 ed.

335 3879 422 3938 Rom.
447 3879 537 3942 Herv.
562 3896 727 3964 cognosset,
749 3880 832 3965 quod
856 3881 896 3942 ad
917 3881 1059 3944 eumdem
1079 3880 1209 3942 Balbum
1230 3879 1303 3940 Cor·

337 3985 447 4047 nelium
469 3987 572 4050 resern'
593 4001 700 4076 posset
