2898 4956
311 434 382 484 202
652 429 823 481 rsrsross
850 431 925 480 cus.
1080 431 1161 484 nv.
1180 437 1209 483 c.
1225 447 1273 497 2⁰⁷

310 532 509 636 loquimur?
543 530 648 606 liceat
683 533 791 606 modo
827 535 896 607 isto
913 535 945 586 ⁵³
982 534 1110 608 venire.
1135 537 1192 608 Tu
1218 563 1303 612 vero

311 659 422 748 (volo
446 660 540 734 enim
565 659 759 759 abstergere
784 662 892 733 animi
916 661 968 734 tui
992 675 1148 754 metum)
1174 663 1223 736 ad
1246 678 1302 765 ty-

312 785 523 860 rotariohum
549 787 731 890 antiquum
755 786 839 860 redi.
870 789 951 887 Ego
981 787 1046 862 tibi
1075 815 1186 862 unum
1211 817 1305 864 sum-

310 927 387 986 tum
413 913 569 1013 afferam,
594 912 692 1017 quod
707 913 873 991 balneum
889 913 1048 988 calfacias
1060 915 1094 982 ⁵4
1110 917 1306 1017 oportebit5

311 1054 426 1114 cetera
461 1066 559 1114 more
595 1055 740 1141 nostro;
776 1041 955 1142 superiora
990 1042 1049 1116 illa
1073 1041 1228 1116 lusimus.
1252 1045 1306 1118 De

310 1165 392 1240 villa
417 1166 586 1242 Seliciana
598 1169 630 1218 ⁵⁵
656 1182 692 1242 et
717 1170 845 1242 curasti
868 1169 1067 1267 diligenter,
1083 1183 1120 1242 et
1135 1170 1305 1270 scripsisti

309 1291 524 1368 facetissime.
550 1297 674 1398 Itaque
697 1309 786 1396 puto
810 1322 868 1369 me
892 1297 1227 1396 praetermissurum
1244 1297 1306 1370 Sa-

310 1417 352 1492 lie
376 1419 470 1493 enim
493 1421 577 1495 satis
601 1436 673 1521 est,
696 1424 907 1497 sannionum
931 1448 1057 1524 parum
1074 1423 1115 1494 ⁵⁶.
1140 1421 1241 1496 Vale.

744 1668 865 1750 ΕΒΗ
1032 1717 1088 1778 (ss
1103 1715 1155 1764 niv.
1173 1717 1221 1776 rx,
1238 1718 1284 1771 rs)

312 1853 530 1932 Argumenoan.
550 1853 662 1916 Causas
681 1857 817 1936 exponit,
831 1875 887 1915 eur
898 1853 1004 1914 ludum
1018 1855 1103 1936 qussi
1119 1852 1308 1934 eloquentiae

352 1962 505 2042 aperuerit
509 2005 520 2034 ,
537 1961 673 2042 aliosque
692 1961 888 2022 declamando
907 1963 1040 2044 eoeperit
1053 1980 1199 2022 exeruere.
1219 1959 1308 2020 Addit

352 2065 496 2127 nonnulla
515 2087 571 2150 per
590 2069 691 2128 iocum
711 2067 749 2128 de
769 2089 912 2128 senarum
933 2069 1057 2130 hutitiu

396 2273 449 2328 Ser.
467 2275 494 2326 in
511 2273 658 2328 Tusculano
679 2276 707 2326 Δ.
725 2273 758 2326 V.
776 2272 805 2326 C.
822 2273 958 2340 nccvn,
976 2274 1013 2326 tt.
1032 2275 1088 2326 lun.
1106 2284 1227 2328 menno.

514 2471 658 2540 cresso
683 2474 718 2536 s.
741 2425 899 2538 ursino
925 2473 1055 2538 usuro
1081 2473 1111 2536 s,

238 2758 241 2767 .
363 2661 482 2770 Quum
507 2705 619 2755 essem
651 2680 783 2754 otiosus
814 2680 852 2752 in
877 2676 1096 2778 Tusculano,
1123 2693 1310 2780 propterea
1432 2743 1433 2788 ἦ

315 2803 412 2904 quod
437 2804 625 2906 discipulos
640 2822 651 2855 ¹
671 2805 812 2878 obviam
838 2805 1017 2903 miseram,
1032 2817 1073 2876 ut
1090 2805 1239 2894 [iidem]
1255 2831 1310 2880 me
1432 2805 1433 2894 l

316 2955 422 3031 quam
453 2932 602 3004 maxims
634 2930 862 3006 conciliarent
892 2931 1051 3005 familiari
1084 2957 1166 3031 ειυς
1191 2934 1312 3032 aoeepi
1432 2971 1433 2976 =

315 3070 393 3130 tuas
417 3054 534 3130 literas
563 3056 782 3158 plenissimas
815 3061 1012 3154 suavitatis5
1039 3081 1082 3131 er
1107 3058 1235 3160 quibus
1259 3059 1310 3130 in-
1432 3027 1433 3058 l

315 3183 430 3258 tellexi
447 3183 590 3285 probari
607 3183 671 3257 tibi
687 3211 804 3258 meum
831 3183 1029 3283 eonsilium,
1046 3181 1158 3286 quod,
1176 3199 1217 3258 ut
1232 3185 1313 3258 Dio-

316 3311 438 3409 nysius
463 3323 648 3412 tyrannus,
674 3339 783 3414 quum
808 3309 989 3412 Syracusis
1015 3309 1179 3411 expulsus
1206 3323 1313 3408 esset,

315 3435 476 3512 Corinthi
502 3437 627 3512 dicitur
651 3438 773 3513 ludum
796 3439 971 3540 aperuisse
984 3454 1017 3536 ²3
1032 3438 1083 3511 sio
1102 3461 1185 3536 ego,
1201 3434 1313 3508 subla-

314 3565 360 3638 tis
379 3564 532 3665 iudioiis,
548 3567 677 3642 amisso
693 3587 801 3664 regno
818 3564 947 3639 lorensi
958 3565 984 3662 ³,
999 3561 1121 3641 ludum
1139 3563 1240 3662 quasi
1256 3560 1312 3635 ha·

314 3689 398 3765 bere
422 3693 609 3795 ooeperim.
634 3690 732 3785 Quid
755 3689 913 3792 quaeris?
930 3715 987 3764 ma
1001 3711 1144 3790 quoque
1161 3685 1312 3762 delectat

319 3817 509 3892 eonsilium.
546 3817 658 3892 Multa
692 3815 784 3888 enim
821 3839 1037 3917 consequor:
1070 3815 1223 3913 primum
1253 3811 1312 3906 id,

320 3941 415 4041 quod
431 3945 580 4017 maxime
606 3969 699 4016 nunc
725 3967 814 4041 opus
841 3955 913 4036 est,
935 3942 1056 4014 munio
1081 3965 1138 4012 me
1164 3938 1210 4014 ad
1227 3938 1311 4010 haec
