2898 4956
348 409 419 488 258
447 390 455 406 ¹
683 431 851 482 rrrsrons
876 435 1015 482 couvi.
1120 432 1153 485 ι.
1169 435 1205 482 v.
1222 435 1252 484 c.
1273 447 1321 498 μ,

746 661 941 736 CDLXVI·
1097 703 1150 760 <u
1164 705 1220 748 nn.
1236 703 1325 764 ιω)

346 843 565 925 Argumentum.
597 839 735 904 Laudato
761 841 896 902 Marcelli
926 839 1086 924 prudentia
1106 851 1137 899 et
1156 839 1349 914 fortitudine,

386 947 546 1032 pollicetur
566 947 666 1010 officia
686 969 756 1022 ειιιις
777 959 822 1022 ct,
843 960 877 1010 ut
896 948 1039 1017 domum,
1053 949 1241 1032 quicumque
1256 961 1348 1010 status

386 1057 429 1118 rei
450 1053 590 1143 publicae
609 1057 662 1130 sit,
682 1066 867 1128 revertatur,
888 1059 996 1117 iterum
1018 1053 1169 1114 admonet.

538 1265 592 1319 Scr.
612 1258 706 1318 llomae
724 1266 754 1316 Δ.
773 1263 806 1316 V.
826 1263 854 1316 C.
875 1261 1008 1327 DCCW,
1027 1261 1063 1313 Μ.
1081 1261 1152 1330 Sept.

494 1463 538 1526 M.
562 1463 598 1526 T.
623 1461 767 1527 CICERO
792 1463 834 1526 Μ.
858 1461 1076 1530 MARCELLO
1102 1461 1134 1524 S.
1158 1462 1197 1525 D.

394 1675 518 1778 Neque
542 1700 685 1754 monere
709 1689 745 1750 te
770 1677 900 1776 audeo,
932 1679 1125 1778 praestanti
1158 1678 1349 1778 prudentia

347 1799 475 1902 virum5
497 1829 565 1877 nec
589 1805 812 1901 confirmare,
837 1805 979 1877 maximi
1005 1805 1112 1876 animi
1143 1803 1350 1908 hominem,

346 1957 526 2034 unumque
550 1931 775 2006 fortissimum
795 1947 822 2002 ¹:
850 1929 1022 2004 consolari
1048 1957 1132 2006 vero
1157 1932 1259 2008 nullo
1276 1961 1349 2008 mo

348 2055 405 2130 do.
430 2057 522 2132 Nam
546 2059 577 2132 si
601 2083 659 2157 ea,
684 2083 773 2158 quac
797 2055 1022 2156 acciderunt,
1047 2057 1095 2130 ita
1119 2057 1207 2158 fers,
1232 2072 1274 2133 ut
1289 2087 1350 2134 an-

348 2181 426 2285 dio;
458 2183 623 2283 granrlari
653 2184 762 2282 magis
789 2183 910 2256 virtuti
935 2181 1066 2282 debeo,
1090 2209 1198 2284 qnam
1224 2211 1350 2262 conso-

347 2309 415 2384 lari
440 2307 598 2386 dolorem
622 2325 731 2384 tunm.
757 2309 819 2382 Sin
835 2322 871 2382 te
888 2321 987 2383 tanta
1012 2309 1103 2384 mala
1118 2312 1170 2384 rei
1186 2312 1349 2412 publicae

348 2437 528 2540 frangunt5
552 2463 627 2515 non
651 2439 701 2512 ita
727 2434 870 2518 abundo
893 2437 1051 2536 ingenio,
1066 2451 1107 2510 ut
1123 2450 1159 2511 te
1176 2438 1349 2538 consoler,

349 2591 458 2668 quum
482 2568 559 2668 ipse
585 2592 642 2640 me
666 2565 907 2666 nonxpossim.
933 2563 1119 2666 Reliquum
1147 2579 1201 2638 est
1226 2567 1331 2665 igitur
1339 2623 1349 2666 ,

348 2707 390 2764 ut
414 2693 478 2766 tihi
502 2719 559 2766 me
584 2695 621 2766 in
647 2693 744 2766 omni
769 2719 806 2768 re
832 2717 912 2766 enm
943 2691 1131 2794 praebeam
1156 2707 1349 2793 praestem·

350 2844 435 2918 que,
467 2833 507 2892 nt
538 2818 586 2893 ad
617 2820 756 2918 omnia,
789 2845 878 2922 quac
911 2820 962 2891 tui
997 2818 1122 2918 velint,
1154 2821 1204 2892 ita
1239 2820 1348 2894 adsim

348 2957 506 3044 praesto,
529 2958 571 3018 ut
595 2971 651 3017 me
675 2970 750 3020 non
774 2944 889 3018 solum
914 2947 1030 3019 omnia
1049 2945 1176 3020 debere
1193 2960 1257 3020 tua
1274 2974 1348 3022 can·

348 3095 388 3142 aa
405 3085 431 3169 ²,
456 3069 519 3144 sed
549 3093 590 3144 ea
622 3096 784 3172 quoque,
817 3097 906 3172 quae
938 3099 1011 3146 non
1042 3074 1193 3174 possim,
1218 3089 1346 3176 putem

349 3195 443 3270 Illud
467 3209 585 3271 tamen
611 3197 666 3271 vel
691 3211 729 3271 tu
761 3223 818 3270 me
847 3201 1024 3274 monuisse
1041 3202 1068 3299 ³,
1092 3200 1149 3274 vel
1174 3203 1345 3276 censuisse

349 3337 452 3423 puta,
477 3323 535 3398 vel
560 3338 707 3426 propter
729 3322 1005 3418 benivolentiam
1036 3341 1152 3401 tacere
1183 3353 1260 3402 non
1283 3353 1345 3428 po·

350 3451 474 3550 tuisse,
499 3465 556 3554 ut,
580 3453 676 3555 quod
702 3477 766 3552 ego
792 3451 883 3526 facio
899 3451 927 3552 l,
952 3467 991 3526 tn
1021 3479 1159 3562 qnoque
1194 3455 1345 3528 animum
1436 3435 1437 3502 l

350 3575 512 3654 inducas:
539 3581 568 3653 si
593 3581 638 3654 sit
663 3578 776 3684 aliqua
810 3605 863 3654 res
896 3581 1059 3682 publica,
1083 3583 1120 3656 in
1145 3607 1187 3656 ea
1213 3596 1248 3654 te
1271 3603 1344 3652 esec

350 3720 531 3806 oportere,
557 3707 686 3781 iudicio
704 3707 915 3781 hominnm⁵
932 3735 1039 3810 reque
1055 3709 1271 3810 principem,
1284 3731 1342 3780 ne-

351 3833 511 3906 cessitate
537 3834 718 3908 ccdcntem
747 3836 912 3934 tempori:
938 3837 992 3909 sin
1018 3849 1134 3908 autem
1160 3833 1256 3907 nulla
1280 3831 1341 3926 sit,

350 3953 444 4034 hunc
463 3975 578 4036 tamen
604 3963 819 4063 aptissimum
838 3989 911 4035 csse
929 3963 1096 4038 etiamad
1117 3959 1341 4036 exsulandum
1435 3991 1436 4006 ι
