2910 4954
314 449 385 546 314
609 467 782 518 arrarum
807 467 1003 518 cccmus.
1094 467 1124 515 a.
1140 467 1175 518 r.
1195 467 1225 518 c.
1241 481 1290 532 m

312 576 482 676 liberum,
505 571 570 647 sed
594 571 777 646 incitatum
812 584 920 674 atque
946 567 1078 644 elatum
1097 585 1127 621 ¹²
1152 597 1230 646 esse
1254 572 1316 647 de-

311 701 410 804 bere,
434 699 513 804 quis
537 697 697 800 ignorati
722 697 883 772 Solutum
909 697 1127 772 existimatur
1149 723 1244 797 esse,
1268 699 1316 774 al

314 829 380 904 teri
404 824 636 926 maledicere3
659 836 777 923 tamen
802 819 1001 904 cauendum
1025 837 1096 924 est,
1120 849 1166 898 ne
1190 825 1228 900 in
1253 851 1315 930 pe-

315 952 499 1028 tulantiam
523 951 657 1026 incidas
671 952 711 1024 ¹³:
727 948 955 1053 impeditum,
974 938 1012 1024 se
1028 949 1146 1052 ipsum
1161 949 1316 1053 laudare,

314 1101 360 1154 ne
384 1079 512 1156 vitium
544 1077 763 1178 arrogantiae
792 1075 1049 1180 subsequutum
1084 1075 1201 1152 solum
1230 1103 1315 1154 vero

279 1221 282 1234 '
314 1205 486 1308 liberum,
518 1203 667 1281 alterum
691 1203 856 1304 laudare,
887 1203 933 1278 de
964 1225 1035 1307 quo
1060 1203 1229 1307 quicquid
1251 1203 1315 1278 dc·

314 1333 454 1434 trahas,
477 1358 620 1407 necesse
645 1345 721 1434 est,
746 1343 808 1405 aut
831 1327 1046 1431 infirmitati,
1076 1341 1138 1405 aut
1159 1330 1316 1406 invidiae

312 1461 514 1559 assignetur.
540 1462 593 1536 Ao
610 1459 755 1560 nescio,
781 1437 890 1564 quum
914 1455 1038 1532 timide
1054 1457 1197 1534 fecerim
1211 1458 1254 1562 ¹⁴,
1270 1485 1314 1533 au

276 1641 279 1648 »
313 1585 376 1665 tibi
402 1587 532 1686 gratius
557 1586 861 1688 opportuniusque
892 1585 1069 1662 acciderit.
1101 1583 1193 1660 Nam
1218 1585 1314 1689 quod

312 1713 490 1816 praeclare
514 1713 628 1789 lacere
654 1735 727 1790 nou
752 1726 930 1814 poteram,
955 1713 1107 1815 primum
1132 1727 1226 1812 erat,
1241 1739 1315 1788 non
1435 1767 1436 1830 ,

312 1841 504 1940 attingere:
539 1839 733 1916 secundum
757 1843 797 1941 ¹⁵,
828 1866 935 1943 quam
960 1840 1164 1942 parcissime
1193 1839 1314 1916 iacere.

312 1965 383 2038 Sed
409 1979 527 2039 tamen
552 1991 618 2066 ego
644 1965 787 2070 quidem
809 1991 867 2040 me
883 1965 1040 2042 sustinui.
1058 1964 1170 2040 lllulta
1188 1967 1314 2064 minui,

312 2089 422 2163 multa
448 2089 588 2190 sustuli;
614 2091 798 2194 complura
822 2117 868 2166 ne
892 2092 997 2194 posui
1016 2091 1168 2194 quidem.
1185 2093 1314 2186 Quem·

312 2217 505 2292 admodum
530 2217 637 2320 igitur
660 2219 832 2294 scalarum
866 2218 994 2322 gradus
1023 2219 1054 2294 si
1079 2216 1166 2294 alios
1191 2217 1312 2318 tollas,

311 2343 398 2419 alios
423 2343 576 2448 incidas,
593 2345 782 2424 nonnullos
801 2343 892 2422 male
916 2347 1100 2422 haerentes
1125 2345 1314 2452 relinquas,

310 2473 432 2548 ruinae
456 2473 651 2575 periculum
674 2489 807 2576 struas,
831 2499 906 2550 non
923 2501 1108 2552 ascensum
1125 2499 1248 2577 pares3
1264 2474 1313 2550 sic
1434 2483 1435 2498 ³

309 2612 364 2673 tot
388 2597 489 2674 malis
515 2627 625 2704 quum
650 2601 810 2677 vinctum
825 2606 866 2701 ¹⁶,
882 2615 959 2676 tum
982 2601 1134 2678 fractum
1157 2600 1314 2678 studium

309 2724 506 2825 scribendi,
543 2729 630 2829 quid
665 2727 810 2828 dignum
847 2728 1010 2828 auribus,
1042 2741 1103 2804 aut
1130 2727 1314 2831 probabile

308 2863 429 2948 potest
454 2851 595 2926 afferrel
621 2854 740 2947 Quum
767 2881 853 2930 vero
879 2854 927 2931 ad
951 2857 1061 2958 ipsius
1077 2856 1239 2931 Caesaris
1255 2879 1314 2930 no·

309 3001 390 3048 meu
417 2977 515 3077 reni,
534 2991 611 3052 toto
637 3006 786 3083 corpore
812 2983 1065 3084 contremisco,
1081 3007 1155 3057 non
1177 3005 1314 3085 poenae

310 3115 424 3202 metu,
448 3103 512 3178 sed
535 3101 627 3180 illius
652 3107 774 3182 iudicii
790 3127 829 3185 ¹⁷.
846 3109 982 3184 Totum
1006 3110 1103 3188 enim
1126 3111 1314 3185 Caesarem
1432 3097 1433 3157 l

309 3251 382 3302 uon
406 3231 513 3342 novi
527 3233 644 3326 Quem
668 3250 773 3337 putas
799 3238 956 3311 smmum
981 3262 1077 3337 esse,
1105 3235 1170 3312 nbi
1194 3263 1315 3312 secum

307 3349 484 3455 loquitari
498 3357 528 3410 ¹⁸
544 3401 595 3418 -·
610 3361 691 3436 Hoc
716 3362 907 3463 probabit,
930 3362 1000 3438 hoc
1026 3362 1176 3440 verbum
1200 3365 1313 3466 suspi-

307 3479 442 3556 ciosum
467 3499 530 3560 est.
552 3487 667 3589 Quid,
691 3491 722 3562 si
746 3490 817 3564 laoc
842 3489 965 3566 mutol
984 3507 1016 3560 ¹⁹
1040 3505 1077 3564 at
1102 3517 1245 3592 vercor,
1267 3515 1313 3566 aa
1430 3527 1431 3570 t

305 3607 406 3708 peius
431 3611 484 3685 sit.
510 3615 586 3716 Age
610 3641 711 3716 vero,
731 3615 838 3691 lando
856 3615 1024 3720 aliquem:
1042 3641 1128 3691 num
1142 3615 1312 3694 offendol

305 3731 425 3825 Quum
451 3762 559 3839 porro
584 3741 782 3842 oll'endam,
807 3742 909 3845 quid,
934 3743 963 3817 si
987 3769 1063 3818 non
1088 3743 1184 3819 vulti
1198 3761 1231 3796 ¹⁰
1248 3747 1311 3821 Ar·
1429 3795 1430 3848 3

307 3861 391 3934 mati
418 3863 536 3940 stilum
561 3871 796 3972 persequitur:
815 3869 897 3944 victi
916 3884 952 3944 et
970 3865 1130 3946 noudum
1158 3871 1310 3948 restituti
1429 3857 1430 3860 Ἴ

307 3985 393 4088 quid
420 3989 539 4065 saciati
555 3997 736 4096 -Auges
753 3997 859 4072 etiarn
877 4011 916 4070 tu
942 3997 1028 4072 mihi
1056 3999 1236 4100 timorem,
1252 3997 1307 4102 qui
1428 4059 1429 4103 4
