2932 4954
336 385 409 464 526
701 407 973 460 ιιιιιοτιιιοιιιι

375 515 496 577 omnino
516 511 652 591 sustulit:
673 533 727 574 noa
747 533 820 576 vero
839 523 955 576 tantum
976 509 1164 595 seclusimus,
1184 515 1258 595 quia
1278 535 1342 574 om-

375 643 427 684 nes
447 633 517 682 vett.
538 619 606 682 libri
626 623 667 680 ein
687 618 808 682 habent.

335 751 353 810 7
375 731 417 794 Vt
437 727 596 791 dioendum
615 732 653 790 ait
672 727 805 810 aliquid,
824 726 908 808 quod
928 747 990 788 non
1009 728 1137 810 mouns,
1157 737 1211 788 aut
1231 727 1343 790 ficien-

376 837 450 898 dum
469 837 553 920 quod
572 857 633 897 non
652 835 772 920 probes.
797 833 922 896 Corrad.

333 943 479 1008 8Larnb.
500 965 537 1006 ne
556 966 610 1006 suo
635 941 757 1028 quidem
782 941 842 1004 'sed
865 963 1005 1015 suorumr
1036 941 1120 1024 quod
1151 945 1252 1006 verius
1277 965 1340 1006 esse

372 1055 465 1134 possit
484 1055 508 1113 oi
529 1055 559 1113 in
579 1054 713 1134 sequenti
733 1053 893 1114 sententia:
917 1049 1008 1133 Quod
1025 1071 1085 1112 mn
1105 1073 1144 1112 m.
1166 1073 1190 1112 r.
1201 1051 1233 1132 fi
1257 1051 1341 1112 aber-

373 1170 418 1221 set
436 1163 555 1242 negatio
574 1180 651 1234 non,
672 1169 708 1220 ut
727 1161 757 1220 in
777 1169 834 1220 vet.
856 1156 923 1220 ood.
949 1157 1032 1240 apud
1052 1157 1232 1220 Corradum.
1264 1160 1338 1220 Nam

372 1266 491 1330 videtur
510 1267 624 1328 dicere:
646 1267 757 1328 Caesar
777 1286 901 1328 suorum
922 1265 1041 1326 consilia
1061 1267 1187 1348 recipit3
1215 1277 1247 1328 at
1268 1287 1339 1328 con·

372 1385 419 1436 tra
437 1375 613 1457 Pompeius,
626 1395 721 1456 quum
734 1376 851 1434 incertis
871 1371 962 1434 rebus
982 1383 1083 1434 noatrn
1101 1374 1223 1434 consilia
1243 1375 1337 1456 negli-

374 1493 457 1566 geret
476 1503 511 1544 ao
535 1491 707 1566 sperneret,
737 1480 833 1542 multo
854 1483 947 1562 magis
967 1483 998 1542 in
1017 1482 1140 1542 victorie
1162 1481 1337 1563 despiceret

372 1589 586 1655 Lambinianae
618 1589 836 1674 transpositioni
865 1587 965 1650 favent
989 1587 1038 1648 illa
1062 1591 1152 1650 ¹etium
1181 1609 1263 1671 quae
1294 1611 1339 1648 se-

373 1710 526 1781 quuntur:
558 1697 658 1758 Multa
686 1697 787 1757 victori
804 1715 908 1757 eonem
926 1697 1062 1770 arbitrio,
1079 1715 1137 1778 per
1153 1715 1232 1779 quos
1252 1696 1338 1768 vicit,

364 1789 514 1886 Ι’[ιιοιίειιιὶιι
533 1817 609 1867 sunt.

332 1935 354 1996 9
374 1913 423 1972 Sic
443 1923 523 1974 recte
544 1911 653 1972 Ambb.
675 1911 737 1972 fere
758 1930 861 1970 omnes
881 1908 989 1991 aliique
1009 1907 1075 1970 cod.
1096 1919 1188 1986 vett,
1215 1931 1251 1970 ex
1275 1912 1338 1992 qni-

373 2017 430 2080 bus
451 2021 511 2078 iam
531 2021 643 2102 recepit
657 2017 830 2100 Bengelius,
853 2015 1050 2100 probantibus
1068 2015 1219 2096 Victoria,
1233 2017 1337 2078 Lamb.

372 2136 403 2186 et
423 2125 574 2208 Graevio,
599 2135 630 2186 et
656 2145 753 2208 nuper
772 2123 931 2204 Srhtltzio,
959 2144 1016 2206 pro
1039 2123 1119 2204 vulg.
1144 2125 1336 2186 coniunctum
1443 2183 1444 2216 ,

370 2253 435 2294 esse
451 2233 618 2317 perieulum
637 2251 691 2293 suo
711 2243 855 2304 σεηιιινις
883 2228 967 2313 quod
989 2231 1142 2294 Manutius
1160 2231 1274 2314 aliique
1292 2255 1336 2292 se·
1443 2233 1444 2252 ¹

372 2345 433 2403 cuti
459 2351 538 2404 aunt.
566 2340 645 2404 Oliv.
665 2361 758 2423 quum
777 2359 806 2399 o.
825 2361 854 2400 ιι.
875 2361 902 2399 c.
921 2353 997 2400 erret
1011 2361 1045 2424 p.
1068 2361 1141 2414 suo,
1168 2353 1334 2414 centonum,-

371 2448 479 2512 Ambb.
499 2461 560 2511 tres
580 2470 650 2510 cum
669 2449 740 2510 ileo.
753 2459 783 2509 et
793 2459 968 2520 ceterorum,
991 2446 1074 2529 quod
1094 2451 1208 2532 recepit
1219 2449 1335 2510 Ernest

338 2579 372 2619 ιο
393 2558 473 2619 ldest
493 2577 626 2642 comem,
648 2555 812 2639 urbanum,
832 2557 884 2636 qui
904 2553 978 2616 nibil
997 2554 1146 2636 singulare
1165 2577 1203 2616 ao
1222 2559 1337 2640 praeci·

371 2686 468 2747 puum
488 2665 543 2726 eibi
564 2665 670 2726 tribuit
689 2683 761 2748 prae
780 2663 864 2743 alib,
889 2665 941 2744 qui
968 2683 1030 2722 non
1055 2683 1146 2746 supra
1165 2663 1240 2724 alios
1261 2667 1336 2724 ciros

371 2791 403 2831 se
423 2771 551 2853 extollit,
571 2773 623 2858 qui
635 2771 859 2855 ettpopularis,
880 2769 1045 2850 modestus,
1065 2774 1179 2854 patiens
1200 2773 1274 2832 iuris
1294 2771 1335 2832 le-

372 2899 504 2960 gumque
534 2882 758 2958 communium,
788 2880 841 2962 qui
870 2899 932 2939 non
956 2897 1011 2938 suo
1032 2880 1063 2938 in
1082 2877 1223 2939 omnibus
1243 2881 1335 2940 utitur

371 2985 506 3068 consilio,
519 2985 572 3046 sed
592 2997 622 3046 et
642 2986 768 3046 aliorum
790 2988 899 3048 civium
914 2984 1116 3048 hominumve.
1131 2987 1222 3048 Corn.
1237 2987 1333 3070 Nepos

371 3097 401 3153 in
422 3095 520 3154 Attioo
541 3095 574 3154 ³:
590 3093 653 3156 Hic
672 3107 771 3156 aarum
790 3096 834 3154 ric
853 3115 887 3154 re
903 3096 1038 3176 gerebas,
1059 3107 1090 3161 ut
1108 3095 1275 3156 commu
1294 3095 1336 3154 ιἰι-

361 3201 462 3282 simis,
480 3221 542 3284 par
557 3201 743 3285 principibus
762 3201 912 3263 videretur.
932 3201 990 3262 sie'
1001 3201 1064 3262 fem
1077 3202 1241 3285 Graevius,
1255 3201 1335 3286 apud

368 3329 459 3392 quem
479 3310 569 3393 plura
588 3309 658 3372 vide
676 3311 848 3372 huiusmodi
867 3308 1011 3394 exempla.

334 3435 365 3476 ιι
389 3415 439 3478 δίο
458 3427 542 3478 sexto
561 3437 633 3480 oasu
654 3416 791 3480 absoluto
812 3417 947 3501 praetuli
978 3415 1134 3478 sunnin
1160 3418 1280 3480 imnis
1304 3419 1334 3478 iu

367 3523 468 3599 abun
490 3525 575 3609 quod
594 3537 625 3590 et
645 3525 736 3610 aliqui
756 3525 865 3590 Ambb.
886 3524 995 3608 aliique
1014 3523 1102 3586 oodd.
1123 3524 1255 3606 babent,
1277 3537 1333 3587 tres

367 3653 439 3694 vero
459 3653 528 3694 oum
542 3633 603 3696 zet.
620 3636 661 3716 A,
676 3637 746 3698 lter.
767 3633 890 3717 aliisque
911 3653 979 3696 msa.
1001 3643 1032 3694 et
1051 3631 1120 3694 edd.
1141 3643 1216 3694 vett
1234 3633 1332 3694 ceteris

369 3739 400 3799 in
419 3742 520 3815 rebus,
541 3741 588 3803 vel
609 3745 699 3804 etiam
720 3743 843 3827 reliquis
863 3743 894 3801 ιἰι
913 3763 937 3802 r.
959 3741 1006 3801 vel
1025 3741 1110 3801 certis
1131 3741 1163 3800 ιἰι
1182 3741 1279 3802 mlius.

334 3865 368 3904 ra
390 3845 522 3923 Quando
535 3849 589 3911 tibi
603 3851 716 3912 consuli
730 3849 821 3911 finem
834 3851 957 3932 ponenti
970 3847 1216 3909 adrnnnisbationi
1229 3849 1331 3908 Caesa·

229 4043 232 4050 .
369 3953 614 4037 rioinprovinoiis
625 3957 743 4020 Gallicis
755 3955 821 4018 Kal.
831 3957 918 4019 Murt
929 3953 1317 4039 muttuepcccxxvia
