2910 4962
320 447 393 540 384
686 461 858 516 ΕΡΙΒΙὈΜ
885 469 956 516 mx.
1093 466 1172 520 Η.
1189 469 1218 516 C.
1245 483 1290 531 7⁰7

318 587 356 646 et
379 569 670 646 consuetudinem
696 567 1012 644 accommodatum.
1038 569 1153 660 Quem
1175 569 1311 672 quidem

318 697 430 772 multo
456 698 561 771 etiam
586 696 697 797 pluris
721 709 864 798 postca,
896 719 1001 798 quam
1027 694 1177 794 decessi,
1206 695 1312 772 secere

319 826 442 926 coepi,
466 825 562 927 quod
588 822 706 896 multis
739 821 842 896 rebus
874 836 1037 921 expertus
1069 847 1148 894 sum
1181 836 1312 922 gratum

317 950 519 1052 hominem,
544 949 681 1052 meique
706 974 907 1022 memorem.
932 950 1055 1050 Itaque
1080 975 1162 1023 eum
1186 949 1313 1024 Romae

318 1078 547 1152 libentissime
574 1077 656 1151 vidi.
681 1075 764 1150 Non
790 1077 883 1150 enim
909 1090 971 1148 ω’
996 1074 1099 1176 fugit,
1125 1077 1185 1178 qui
1209 1075 1313 1177 pluri-

317 1206 384 1280 mis
408 1206 446 1278 in
469 1206 536 1279 iste
554 1203 737 1304 provincio
753 1202 905 1302 benigne
921 1201 1050 1301 fecisti,
1067 1229 1173 1304 quam
1190 1203 1313 1277 multi³

318 1333 407 1430 greti
440 1332 666 1431 reperiantur.
699 1331 795 1402 Haec
827 1304 1014 1430 propterea
1046 1330 1191 1429 scripsi,
1217 1344 1259 1402 ut
1281 1342 1314 1402 et

316 1483 374 1530 me
400 1482 473 1530 non
498 1458 573 1529 sine
600 1483 703 1529 causa
735 1455 895 1529 laborare
932 1453 1162 1554 intelligeres,
1186 1455 1256 1528 eti
1279 1471 1313 1529 tu

316 1583 393 1683 ipse
418 1609 499 1657 eum
525 1581 668 1682 dignum
694 1581 850 1683 hospitio
876 1597 939 1655 tuo
963 1581 1144 1655 iudicares.
1177 1581 1313 1657 Feccn's

313 1709 420 1810 igitur
443 1707 529 1782 mihi
556 1710 812 1810 gratissimum,
842 1711 871 1781 si
896 1709 929 1781 ei
955 1705 1163 1809 declararis,
1194 1711 1314 1812 quenti

314 1863 372 1909 me
396 1836 519 1912 facies:
544 1836 583 1909 id
602 1850 673 1939 est,
690 1837 719 1910 si
736 1836 909 1938 receperis
926 1861 1007 1940 eum
1024 1839 1061 1908 in
1079 1833 1186 1908 fidem
1204 1849 1314 1936 tuam,

255 1957 259 1970 '
314 1973 353 2034 et
376 1961 664 2065 quibuscumque
677 1962 782 2038 rebus
810 1961 958 2038 honeste
987 1962 1130 2035 sosine
1155 1961 1313 2038 molestia

315 2099 376 2160 tue
401 2091 552 2188 poteris,
573 2089 760 2166 adjuveris
786 2090 866 2164 Hoc
890 2088 979 2164 mihi
1004 2090 1070 2164 erit
1090 2087 1314 2168 vehementer

314 2195 451 2313 gratum
463 2241 474 2315 5
505 2215 612 2318 idque
643 2231 683 2290 m
715 2215 844 2315 facies,
875 2229 911 2290 te
943 2216 1049 2290 etiam
1078 2229 1186 2318 atque
1208 2217 1313 2290 etiam

314 2365 410 2441 rogo.

781 2597 863 2674 DX·
1016 2639 1140 2698 (mos.
1155 2639 1288 2703 xur,s9>

313 2773 534 2852 Argumentum.
554 2773 588 2835 C.
609 2775 749 2837 Curtium
760 2787 776 2849 ‚¹
801 2747 835 2837 ot
861 2777 892 2835 iu
912 2773 1004 2837 fidem
1025 2777 1205 2858 recipietur,
1228 2797 1310 2837 oom-

352 2877 482 2938 mendas.

581 3085 635 3140 Sor.
653 3087 748 3142 Iiomoe
766 3089 795 3142 A.
808 3089 850 3162 .V·.
865 3089 893 3144 C·
913 3089 1041 3146 nccvu.

360 3281 404 3346 Μ.
429 3282 465 3347 Τ.
490 3283 635 3353 CICERO
653 3288 694 3351 P.
718 3287 902 3354 SERVILIO
927 3287 1142 3356 COLLEGAE
1167 3291 1260 3356 s..1).

360 3471 401 3546 C.
425 3472 567 3549 Curtius
592 3475 739 3550 Mithres
759 3493 771 3526 ¹
798 3490 852 3550 est
874 3475 934 3550 iIIe
966 3476 1127 3580 quidem,
1156 3493 1197 3552 ut
1221 3479 1310 3578 scis,

308 3597 453 3674 libertus
477 3603 638 3677 Postumi
656 3619 682 3704 ²,
707 3600 962 3677 familiarissimi
985 3605 1070 3704 mei3
1095 3603 1159 3680 sed
1180 3633 1238 3682 me
1255 3629 1313 3680 co·

308 3724 350 3798 lit
374 3741 410 3801 ct
434 3727 599 3804 observat
615 3755 725 3833 aeque
743 3743 847 3833 atque
867 3729 970 3804 illum
984 3733 1099 3833 ipsrim
1117 3747 1308 3833 patronum

308 3877 418 3926 suum
443 3856 551 3956 Apud
575 3883 656 3932 eum
681 3883 746 3960 ego
770 3857 820 3932 sic
836 3857 971 3958 Ephesi
987 3857 1054 3958 sui,
1070 3859 1306 3962 quotiescum-

308 4003 376 4080 que
400 3979 466 4079 sui,
491 3996 669 4087 tamqrram
694 3984 791 4062 domi
817 4011 936 4086 meoe;
964 3986 1143 4089 multoque
1174 3983 1307 4062 accide-
