2910 4962
297 517 989 604 ANNOTATIONES'

442 733 452 790 l
464 731 489 789 Ν
529 731 556 790 Ε
567 730 616 790 Pl
627 730 648 790 S
659 731 687 791 T
699 729 728 789 Ο
740 731 765 790 L
778 733 802 790 Α
815 729 836 789 S

341 933 417 988 orsa
438 933 466 972 m
487 933 544 972 noc
566 932 714 972 sonvsurs
735 929 933 972 corrtnmrva

592 1139 690 1152 ...-

520 1484 759 1546 ccctxxxvt.

141 1728 152 1767 r
179 1633 352 1786 Significat
372 1699 515 1760 hocloco
535 1719 658 1782 parvum
679 1699 850 1785 epistolam,
869 1723 948 1784 quae
967 1704 1025 1766 alio
1046 1707 1139 1770 modo

177 1833 268 1895 quam
293 1809 415 1894 epistola
437 1796 684 1891 complicabatur:
706 1807 798 1890 vulgo
822 1809 959 1890 biglietto.
984 1813 1063 1875 Dicit
1086 1833 1141 1876 au·

176 1931 238 1982 tem
258 1917 422 2000 sipontum,
444 1915 502 1977 hoc
522 1927 582 1998 est,
605 1915 699 1999 sigillo
726 1919 869 2000 impresso
895 1930 1048 2004 notatum,
1069 1925 1139 2004 quia

177 2029 247 2090 alias
267 2025 358 2088 libelli
377 2047 438 2087 non
460 2023 702 2106 obsignabantur.

136 2157 155 2196 n
177 2133 353 2196 Philotimus
374 2131 506 2194 libertus
527 2131 639 2252 Erepsi.
660 2133 865 2216 Dispemavit,
886 2133 945 2196 hoc
966 2146 1023 2220 est,
1044 2136 1140 2199 admi-

176 2243 318 2303 nistravit.

136 2351 155 2414 3
175 2350 358 2411 Existimatio
378 2358 423 2408 est
441 2345 490 2407 hio
509 2346 590 2408 lama
608 2344 681 2406 boni
701 2348 756 2406 riri
777 2348 839 2429 (ep.
866 2347 947 2429 seq.)
973 2352 1005 2410 in
1023 2371 1058 2412 re
1085 2371 1139 2434 pe·

178 2459 309 2520 crmiaria
328 2454 421 2516 fidem
442 2456 591 2516 servantis.
613 2453 726 2514 Emest.

136 2567 157 2643 4
178 2565 252 2626 6οά
272 2563 376 2625 Amhr.
388 2562 511 2644 ferrens.
531 2562 602 2622 Mos
622 2575 648 2622 te
668 2560 753 2622 abest
765 2563 797 2622 in
811 2559 857 2622 erl
872 2561 960 2644 lens,
974 2583 1081 2647 nempe
1085 2565 1140 2647 sa·

176 2676 258 2746 cias,
279 2671 412 2732 obtestor.

135 2781 156 2842 5
176 2779 283 2842 Habeo
303 2777 436 2840 sestertia
455 2776 496 2838 sd
515 2795 676 2838 numerum
696 2776 742 2836 bis
766 2785 797 2837 et
816 2777 903 2838 vicies
929 2789 1053 2840 centena
1076 2779 1141 2841 mil·

177 2887 217 2948 lia
231 2887 444 2972 (2,2oo,ooo),
464 2884 518 2947 sed
536 2886 635 2945 numis
652 2884 842 2970 cistophoris,
862 2905 923 2946 non
943 2889 1069 2970 pecunia
1082 2889 1141 2950 lio-

175 3015 275 3058 manu
290 2991 486 3078 cistophorus
499 3002 565 3054 erat
576 2995 661 3054 numi
681 3013 775 3074 genus
788 2993 907 3055 Asiatici
920 2996 982 3078 (ep.
996 2994 1139 3076 XXXII).

175 3103 253 3165 Eam
279 3105 426 3186 pecuniae
457 3104 585 3186 speciem
613 3099 776 3184 depositam
805 3101 886 3184 opud
911 3100 1086 3184 publicanos
1110 3109 1141 3166 in

177 3213 247 3274 Asis
266 3209 387 3272 volebat
406 3212 571 3294 permutari
590 3211 622 3269 in
641 3217 768 3271 numuni
788 3209 876 3270 Rom.
898 3220 928 3270 et
946 3213 1023 3271 mitti
1036 3210 1076 3270 ad
1088 3211 1141 3272 At·
1175 3267 1177 3272 ,

176 3321 285 3402 ticum,
304 3331 340 3380 ut
360 3320 386 3380 ei
408 3316 543 3379 debitum
563 3316 698 3378 solveret
720 3315 828 3378 Obiter
848 3315 987 3378 observat
1005 3317 1141 3400 Mongal·

93 3449 99 3470 ¹
175 3429 256 3508 tius,
284 3425 482 3506 Ciceronem,
509 3428 561 3508 qui
588 3425 761 3506 ceteroquin
790 3421 1051 3485 abstinentissimus
1077 3436 1140 3486 erat

176 3535 262 3616 (epp.
276 3531 401 3612 CCXll,
415 3531 555 3616 CCXXI,
576 3529 731 3614 aliisque),
752 3551 786 3591 ex
806 3529 1057 3592 administratione
1069 3551 1140 3612 pro-

175 3641 289 3702 vinciae
309 3659 381 3702 sune
401 3639 552 3722 collegisse
578 3639 657 3700 hanc
683 3657 847 3719 summum
868 3648 958 3720 atque
979 3657 1017 3699 ex
1036 3656 1073 3698 eo
1092 3639 1141 3697 iu·

176 3747 269 3810 dicari
288 3767 376 3831 posse
396 3757 543 3830 quantum
562 3750 750 3831 perceperint
770 3745 810 3806 illi
831 3747 882 3827 qui
902 3743 1073 3827 provinciali
1086 3743 1142 3806 ad-

176 3858 388 3918 ministratione
409 3853 619 3917 abutebantur.
830 3909 834 3918 ,
936 3841 937 3846 ¹

136 3961 236 4048 hlpsi
262 3964 439 4044 Philotimo,
467 3966 514 4024 cui
541 3974 578 4026 tu
602 3966 716 4026 mutior
742 3961 917 4046 iampridem
937 3958 1067 4022 uitione
1094 3979 1141 4021 res
