2910 4954
313 467 384 564 298
628 483 798 532 arreroaa
826 483 994 533 cuuxxur.
1089 482 1120 532 r.
1137 487 1171 534 v.
1189 487 1219 534 c.
1237 499 1283 548 ru

312 619 333 666 a
357 587 494 690 regibus
519 585 649 662 ultimis
674 585 796 660 allatae
821 611 896 660 cese
921 583 1054 686 literas,
1079 585 1205 690 quibua
1222 588 1311 662 mihi

312 717 439 819 gratiae
468 729 593 820 agant,
624 712 722 820 quod
754 739 791 788 ae
820 739 898 788 mea
922 715 1095 789 sententia
1120 740 1216 815 regee
1242 741 1309 818 ap·

310 843 531 948 pellaverim:
548 868 637 947 quoe
653 867 720 942 ego
744 867 818 916 non
841 839 951 915 modo
976 867 1076 941 reges
1099 841 1312 944 appellatos,

310 971 374 1048 aed
398 971 543 1048 omuino
567 983 670 1046 nator
694 965 902 1044 nesciebam.
930 967 1028 1062 Quid
1051 994 1136 1069 ergo
1161 969 1236 1044 estl
1261 981 1310 1044 ta·

309 1124 409 1201 meu,
433 1095 601 1204 quamdiu
625 1096 685 1171 hic
708 1097 775 1172 erit
798 1108 919 1172 ucater
942 1094 1001 1170 hic
1022 1095 1220 1197 praefectus
1236 1122 1310 1172 mo-

309 1225 407 1302 ribua
420 1241 461 1327 ¹9,
476 1223 610 1328 parebo
628 1224 831 1299 auctoritati
855 1236 946 1296 tuae.
970 1223 1091 1316 Quum
1115 1248 1202 1297 vero
1227 1221 1309 1297 abe-

309 1353 380 1454 rit,
411 1351 457 1425 ad
488 1351 614 1451 lirngoe
646 1377 703 1425 me
728 1364 810 1425 tuos
826 1365 857 1400 ⁸⁰
885 1348 1071 1424 conseram.
1099 1349 1256 1423 Domum
1280 1351 1310 1424 si

308 1476 470 1579 habebo,
501 1478 539 1552 in
570 1476 681 1562 denoa
707 1476 782 1552 dies
806 1475 960 1578 singulos
989 1477 1199 1551 sumtuariae
1224 1475 1310 1577 legis
1433 1439 1434 1476 ³

309 1603 385 1677 dica
409 1603 585 1678 conferam
598 1620 640 1676 ¹¹.
665 1603 729 1678 Sin
745 1618 864 1678 autem
879 1604 995 1678 minue
1011 1604 1196 1706 invenero,
1213 1602 1311 1707 quod

309 1729 465 1834 placeat,
488 1730 628 1808 decrevi
652 1729 811 1807 habitare
836 1731 933 1834 apud
956 1745 1008 1806 te:
1034 1731 1108 1806 ecio
1125 1731 1238 1830 enim,
1254 1757 1310 1804 me

308 1856 396 1932 nihil
421 1858 487 1932 tibi
511 1860 641 1960 gratim
664 1859 778 1935 facere
807 1885 921 1961 pocae.
952 1859 1107 1934 Domum
1131 1857 1311 1932 Sullanam

309 1983 540 2084 desperabam
563 1987 657 2087 iam,
687 2000 729 2060 ut
756 1986 821 2060 tibi
846 1987 1006 2086 proxime
1030 1986 1155 2086 scripsi
1171 2001 1222 2060 ⁸¹:
1247 1985 1311 2060 aed

309 2124 429 2184 tamen
452 2136 527 2186 non
551 2112 672 2187 abieci.
696 2113 776 2212 Tu,
808 2110 938 2214 velim,
972 2127 1013 2186 ut
1043 2112 1191 2213 acribia,
1230 2139 1311 2188 cum

307 2235 414 2311 labris
439 2263 517 2312 eam
543 2239 745 2342 perspicias.
762 2239 800 2312 Si
824 2239 919 2314 enim
943 2237 1031 2314 nihil
1056 2241 1172 2314 estin
1196 2240 1309 2340 parie-

307 2361 402 2440 tibus
427 2366 550 2442 autin
575 2379 672 2444 tecto
698 2366 791 2469 vitii,
807 2380 922 2442 cetera
943 2365 1030 2442 mihi
1054 2363 1308 2470 probabuntur.

684 2617 918 2698 CDLXXIV.
1042 2659 1097 2720 (rr
1112 2657 1227 2720 M,
1242 2661 1285 2718 ,6)

307 2797 526 2875 Argumentum
547 2799 659 2860 Cenem
681 2797 764 2883 apud
784 2799 984 2862 Volumnium
1004 2797 1228 2883 Eutrapelum,
1257 2819 1307 2858 ae·
1435 2849 1436 2884 p

346 2901 507 2964 cumbente
527 2903 692 2985 Cytheride
713 2909 889 2980 meretrice,
910 2909 1008 2968 iocose
1029 2905 1181 2968 describit

432 3108 486 3162 Sa.
506 3109 602 3164 domae
618 3113 648 3166 Α.
664 3110 700 3164 V.
718 3110 746 3164 G.
766 3111 955 3180 occvt1,tr.
973 3113 1043 3184 Sept.
1061 3113 1102 3165 rel
1120 3113 1181 3166 Oet.

594 3307 741 3378 CICERO
765 3308 899 3379 PAETO
924 3312 954 3377 S.
980 3313 1019 3376 D.

351 3496 625 3576 decubueram¹
650 3499 738 3578 hura
763 3527 858 3577 nona
870 3557 882 3602 ,
914 3527 1023 3604 quum
1051 3500 1098 3576 ad
1122 3515 1158 3576 te
1183 3500 1307 3578 harum

303 3626 502 3730 exemplum
527 3628 565 3702 iu
591 3627 760 3703 codicillis
785 3630 926 3704 exaravi
942 3645 968 3701 ⁸.
993 3629 1119 3704 Dices:
1149 3626 1236 3704 ubil
1260 3669 1307 3690 -·

304 3751 412 3851 Apud
435 3754 667 3832 Volumnium
690 3754 944 3857 Eutrapelum,
972 3769 1010 3830 et
1034 3753 1178 3858 quidem
1203 3779 1304 3858 aupra

305 3901 363 3949 me
387 3879 542 3982 Atticus,
562 3883 650 3958 inira
666 3883 810 3957 Verrius
823 3883 849 3982 ³,
873 3881 1058 3957 familiares
1082 3882 1144 3955 tui.
1170 3883 1307 3957 Miraria

307 4015 379 4078 um
405 4005 630 4084 exhilaratam
656 4037 732 4084 ease
757 4007 990 4088 servituteml
1014 4007 1193 4084 noatnml
1210 4005 1306 4103 Quid
