2880 4956
303 331 353 416 60
658 349 826 400 cersrcm
852 351 931 402 cur.
1080 350 1111 400 u.
1128 353 1162 402 v.
1179 353 1209 402 c.
1227 355 1277 416 με

302 455 501 558 perspicere
537 454 691 554 potuisti.
729 453 826 527 Haec
860 452 923 527 tibi
960 444 1074 527 dolori
1102 479 1177 528 esse
1204 469 1304 530 certo

301 583 392 658 scio:
417 606 474 652 mc
499 578 640 682 quidem
666 581 883 679 excmciant,
914 591 951 652 et
979 603 1022 652 eo
1047 581 1178 680 magis,
1204 582 1304 683 quod

299 705 387 782 mihi
413 705 585 781 cumillis
611 731 656 780 ne
688 704 857 808 querendi
889 704 1031 807 quidem
1061 704 1179 779 locum
1209 707 1303 782 futu·

300 859 379 908 rum
403 845 501 937 puto.

353 989 375 1035 2
400 961 455 1034 De
479 959 652 1035 Africanis
677 958 806 1036 rebusr
832 957 936 1058 longe
961 957 1027 1032 alia
1052 957 1172 1059 uobis,
1193 983 1236 1032 ac
1260 974 1301 1033 tu

301 1087 507 1188 scripseras,
532 1087 746 1160 nuntiantur.
771 1083 867 1159 Nihil
891 1083 985 1157 euim
1009 1084 1141 1158 firmius
1157 1109 1233 1158 esse
1251 1085 1303 1158 di-

301 1227 403 1313 cunt,
427 1211 516 1286 nihil
539 1213 705 1312 paratius.
737 1209 884 1285 Accedit
914 1209 1084 1312 Hispania
1101 1212 1128 1310 ⁸,
1156 1225 1192 1284 et
1217 1209 1302 1284 alie-

299 1353 383 1412 nata
407 1337 525 1436 Italia,
549 1338 727 1437 legionum
751 1362 817 1411 nec
842 1339 895 1412 vis
921 1337 1062 1437 eadem,
1086 1363 1152 1410 uec
1176 1336 1302 1426 voluu-

299 1477 370 1563 tas,
396 1463 551 1536 urbanae
575 1488 630 1536 res
656 1463 813 1563 perditae
831 1481 857 1536 9.

349 1589 371 1664 3
398 1589 495 1681 Quid
521 1603 588 1690 est,
613 1589 674 1662 ubi
698 1591 936 1692 acquiescam,
952 1591 1019 1662 nisi
1035 1589 1202 1692 quamdiu
1218 1604 1300 1666 tuas

296 1714 413 1789 literas
437 1714 539 1815 legoi
575 1741 664 1818 quae
696 1729 812 1790 esseut
842 1715 1002 1818 prosectu
1033 1715 1243 1816 crebriores,
1267 1718 1299 1790 si

297 1840 383 1942 quid
406 1840 575 1940 haberes,
607 1867 678 1944 qao
703 1857 845 1943 putares
869 1867 984 1916 meam
1009 1841 1205 1916 molestiam
1230 1843 1296 1914 mi-

295 1966 357 2038 nui
391 1991 503 2066 posse.
538 1966 609 2040 Sed
643 1981 760 2042 tamen
799 1983 834 2042 te
869 1993 979 2067 rogo,
1009 1993 1055 2040 ne
1086 1965 1297 2040 intermittas

295 2089 446 2165 scribere
472 2091 518 2165 ad
542 2119 616 2191 me,
642 2094 810 2196 quicquid
831 2095 914 2194 erit,
932 2117 1062 2194 eosque
1075 2107 1116 2192 ¹⁰,
1132 2093 1193 2193 qui
1209 2091 1298 2166 mibi

295 2228 369 2290 tam
394 2217 583 2292 crudeliter
605 2219 737 2294 inimici
762 2233 861 2320 suut,
881 2221 911 2294 si
936 2219 1052 2294 odisse
1077 2233 1296 2319 conpotes,

294 2364 436 2418 accuses
461 2358 598 2448 tamen,
628 2371 704 2422 nou
736 2361 777 2421 ut
801 2343 934 2448 aliquid
960 2346 1141 2446 proficias,
1164 2345 1230 2418 sed
1254 2359 1294 2419 ut

292 2473 361 2542 me'
374 2471 439 2544 tibi
466 2499 585 2546 carum
611 2499 686 2548 esse
706 2475 867 2548 sentiant
885 2473 992 2546 Plura
1009 2469 1055 2545 ad
1072 2485 1107 2544 te
1125 2471 1295 2574 scribam,

291 2595 433 2666 si‘mihi
458 2598 505 2671 ad
529 2625 588 2672 cas
612 2599 745 2699 literas,
765 2625 851 2702 quas
875 2601 1036 2700 proxime
1061 2598 1108 2674 ad
1131 2612 1168 2671 te
1193 2597 1294 2697 dedi,

292 2719 519 2820 rescripseris.
545 2721 643 2798 Vale.
669 2725 742 2799 XII
766 2724 844 2800 Kal.
871 2726 973 2800 Febr.

728 2977 852 3052 CDVI·
1016 3019 1074 3080 (Ad
1089 3019 1142 3066 Au.
1156 3019 1206 3077 ΧΙ,
1222 3021 1266 3076 11)

289 3141 509 3224 Argamum.
528 3171 538 3210 r
557 3149 596 3211 Se
614 3157 715 3215 omniu
736 3155 831 3218 muita
852 3167 883 3217 et
902 3159 1048 3218 sustinere
1069 3169 1099 3218 et
1119 3169 1290 3241 exspectare

328 3249 448 3330 scribit3
471 3259 644 3341 aperitque
673 3260 713 3321 ab
733 3265 833 3325 Attico
858 3275 893 3325 ut
920 3261 975 3325 sibi
1005 3263 1121 3326 Romae
1147 3267 1290 3347 pecunias

330 3370 435 3435 curet,
454 3373 485 3426 et
505 3363 612 3428 crebro
632 3367 763 3432 scribere
782 3382 898 3454 pergat.
