2880 4956
400 559 465 652 M.
509 509 761 651 rvn'nrr
807 544 1201 645 cronnorrs

599 773 996 850 EPISTOLAE

738 1015 870 1031 *nu-.—

655 1317 953 1396 CCCLXXXVL
1057 1355 1109 1416 <fl
1124 1353 1276 1416 affl.)

305 1501 522 1582 Argamoeamm.
547 1495 607 1558 Rea
635 1517 704 1558 anm
729 1495 908 1556 domesticas
936 1504 966 1553 et
993 1493 1182 1574 pecuniarias
1209 1493 1299 1552 Attici

343 1605 415 1668 fidei
435 1602 634 1668 commendat

355 1813 410 1866 sa.
426 1813 454 1864 n
471 1809 562 1882 epau,
578 1766 729 1867 omnen
744 1772 839 1895 mssa·
850 1806 980 1877 Pompeii,
997 1807 1029 1860 a.
1047 1805 1081 1858 v.
1099 1807 1129 1861 e
1147 1807 1249 1873 nccv,

700 1903 738 1956 re
755 1902 840 1957 reor:
851 1903 909 1956 nsi.

428 2002 458 2055 C.
476 2001 526 2055 tut
543 1999 651 2055 Comere
668 1999 703 2054 ΙΙ.
722 1996 751 2053 P.
768 1997 876 2052 Servilio
892 1996 973 2050 Vocis
990 1996 1102 2049 luorico
1118 2013 1181 2048 coa.

452 2268 457 2280 .
616 2222 761 2290 crosno
785 2219 991 2330 soncos.
1044 2253 1051 2265 „
1153 2241 1160 2285 t

355 2379 515 2540 Accepi
540 2465 560 2512 a
585 2451 621 2511 te
645 2437 819 2536 signatum
842 2433 999 2508 libellum
1019 2451 1042 2533 ¹,
1067 2457 1171 2535 quem
1195 2433 1302 2506 Ante-

306 2590 364 2640 ros
389 2564 571 2664 attulerat3
595 2590 639 2638 ex
663 2589 735 2666 quo
760 2559 848 2637 nihil
873 2562 960 2636 scire
986 2561 1087 2661 potui
1111 2559 1155 2632 de
1174 2562 1304 2635 nostris

307 2691 507 2766 domesticis
532 2689 652 2788 rebus;
678 2689 723 2762 de
748 2689 874 2789 quibus
900 2685 1121 2760 acerbissime
1141 2684 1305 2786 afflictor,

307 2813 425 2917 quod,
465 2815 528 2916 qui
559 2840 618 2888 eas
650 2813 867 2914 dispensavit
884 2828 910 2911 ¹,
941 2837 1055 2913 neque
1080 2812 1181 2886 adest
1202 2813 1305 2912 istic,

306 2964 433 3042 neque,
449 2937 510 3012 ubi
528 2953 698 3014 terrarum
719 2940 782 3040 sit,
798 2939 881 3013 scio.
900 2938 1052 3011 Omnem
1069 2953 1187 3014 autem
1203 2965 1304 3039 spem

305 3063 420 3140 habeo
437 3065 702 3141 existimationis
714 3067 741 3166 ³,
756 3067 1040 3166 privatarumque
1056 3091 1172 3140 rernm
1188 3067 1226 3138 in
1244 3081 1304 3140 tua

307 3215 386 3290 erga
411 3217 468 3265 me
492 3192 578 3265 mihi
603 3182 884 3294 perspectissime
909 3191 1167 3266 benivolentia:
1197 3219 1305 3294 quam

306 3317 336 3390 si
359 3315 414 3392 his
439 3318 656 3418 temporibus
681 3319 815 3393 miseris
832 3331 868 3392 et
891 3319 1053 3392 extremis
1074 3319 1304 3418 praestiteris,

305 3440 393 3516 haec
418 3442 589 3544 pericula,
615 3443 816 3546 qnae'mihi
834 3446 1033 3519 communia
1053 3457 1135 3518 sunt
1152 3470 1233 3518 cum
1251 3471 1305 3518 cc·

307 3568 407 3667 teris,
430 3567 553 3643 fortius
577 3568 686 3644 ieram
698 3570 731 3671 45
747 3569 854 3673 idque
876 3570 1061 3670 utfacias,
1079 3569 1305 3670 contestor,

307 3706 413 3794 atque
437 3695 593 3770 obsecro.
625 3699 702 3796 Ego
728 3699 766 3771 in
792 3695 996 3797 cistophoro
1020 3697 1058 3768 in
1082 3697 1164 3772 Asia
1189 3695 1305 3772 habeo

307 3819 354 3894 ad
365 3819 438 3894 Hs
449 3821 505 3898 bis
521 3839 557 3899 et
574 3826 680 3901 vicies
688 3829 713 3898 ⁵.
728 3825 842 3899 Huius
859 3825 1028 3925 pecuniae
1045 3826 1305 3926 permutatione

306 3944 414 4021 fidem
437 3964 593 4028 nostram
617 3951 717 4028 facile
742 3949 905 4028 tuebere:
938 3977 1044 4054 qnam
1069 3950 1211 4052 quidem
1238 3977 1303 4050 ego
