2910 4954
315 373 386 446 280
654 395 825 448 nrrsrots
850 397 972 450 curn.
1088 401 1118 450 a.
1138 403 1170 455 v.
1192 409 1220 455 c.
1240 423 1287 473 ,ος

311 525 437 600 pacem
463 497 653 574 iustissimo
678 499 770 574 bello
798 501 1023 578 anteferreml
1048 504 1154 580 Victa
1177 525 1231 584 est
1257 539 1318 586 au·

313 629 458 702 ctoritas
482 653 578 728 mea,
602 651 676 702 non
711 642 783 701 tam
810 656 828 700 a
855 631 1027 732 Pompeio
1054 642 1157 722 (nam
1183 638 1214 712 is
1238 665 1317 713 mo-

312 753 498 856 vehatur),
522 779 628 858 quam
654 753 699 828 ab
725 755 784 852 iis,
809 757 868 857 qui
903 755 993 832 duce
1021 761 1193 863 Pompeio
1219 766 1318 868 freti,

313 895 616 982 peropportunam
641 895 677 955 et
700 881 805 954 rebus
834 882 1054 986 domesticis,
1079 903 1116 962 et
1140 891 1317 990 cupidita-

314 1017 408 1091 tibus
434 1015 504 1088 suis
528 1010 619 1085 illius
636 1007 719 1082 belli
735 1011 919 1084 victoriam
943 1012 1016 1085 lore
1041 1013 1223 1115 putabant.
1250 1019 1315 1093 Su-

313 1157 475 1246 sceptum
499 1139 629 1214 bellum
655 1150 723 1238 est,
748 1137 946 1239 quiescente
970 1165 1043 1240 me3
1069 1140 1253 1244 depulsum
1271 1173 1315 1222 cx

314 1269 415 1346 Italia
433 1285 476 1368 ¹¹,
498 1278 662 1342 manente
696 1291 773 1364 mc,
803 1263 922 1367 quoad
953 1267 1075 1367 potui:
1108 1269 1172 1343 sed
1204 1272 1318 1346 valuit

315 1394 413 1498 apud
443 1418 499 1466 me
527 1391 608 1493 plus
640 1390 756 1492 pudor
789 1417 885 1466 meus
904 1407 947 1492 ¹⁸,
971 1419 1076 1495 quam
1102 1395 1216 1471 timor.
1242 1397 1316 1474 Ve-

314 1524 404 1598 ritus
427 1543 505 1594 sum
531 1517 651 1590 deesse
675 1517 837 1618 Pompeii
869 1517 1002 1618 saluti,
1025 1547 1134 1622 quum
1166 1521 1224 1597 ille
1258 1524 1317 1598 ali-

316 1645 459 1752 qnando
483 1669 557 1719 non
583 1643 748 1718 defuisset
771 1669 870 1718 meae
888 1647 928 1716 ¹³.
954 1647 1078 1748 Itaque
1102 1647 1158 1722 vel
1182 1651 1301 1726 officio
1308 1709 1319 1752 ,

315 1771 374 1848 vel
399 1772 490 1848 lama
514 1771 708 1869 bonorum,
734 1768 958 1872 velpudore
984 1773 1115 1873 victus,
1142 1788 1182 1849 ut
1205 1777 1244 1850 in
1267 1777 1318 1851 l'a-
1435 1787 1436 1800 ¹

315 1899 409 1975 bulis
434 1896 683 1999 Amphiaraus,
709 1897 759 1970 sic
789 1922 854 1996 ego
886 1896 1041 1999 pnrdens
1067 1913 1104 1974 et
1129 1879 1243 1976 sciens
1272 1903 1318 1978 ad
1435 1931 1436 1938 ¹

316 2039 454 2128 pestem
471 2037 552 2098 ante
569 2021 692 2098 oculos
714 2025 865 2123 positam
879 2021 911 2092 ²l
928 2051 1006 2103 sum
1030 2026 1218 2127 profectus.
1236 2031 1316 2124 Quo

317 2155 357 2228 in
381 2148 474 2226 bello
491 2148 579 2222 nihil
596 2149 734 2222 adversi
750 2148 897 2250 accidit,
921 2175 994 2228 non
1012 2152 1237 2253 praedicente
1252 2181 1316 2230 me

317 2282 455 2379 Quare,
487 2303 596 2381 quum
615 2278 657 2376 ²⁵,
681 2289 720 2349 ut
746 2300 892 2376 augures
926 2292 962 2353 et
994 2277 1160 2380 astrologi
1186 2281 1319 2382 solent,

317 2434 384 2510 ego
410 2431 549 2510 quoque
575 2429 684 2504 augur
708 2401 870 2504 publicus
896 2430 939 2478 ex
963 2406 1050 2478 meis
1083 2408 1319 2507 superioribus

318 2535 509 2638 praedictis
535 2532 702 2607 constitui
728 2530 823 2632 apud
849 2544 884 2604 te
910 2533 1153 2606 auctoritatem
1188 2536 1320 2635 augurii

317 2676 356 2734 et
381 2661 608 2734 divinationis
633 2683 750 2757 meae,
775 2655 920 2730 debebit
934 2659 966 2710 ²⁶
983 2654 1113 2734 babere
1137 2658 1246 2735 fidem
1262 2687 1322 2736 no

318 2799 390 2858 stra
416 2783 623 2884 praedictio.
649 2783 731 2858 Non
755 2783 860 2881 igitur
885 2809 927 2857 ex
954 2783 1044 2859 alitis
1062 2785 1181 2860 volatu
1198 2805 1242 2888 ²⁷,
1258 2814 1320 2862 nec

319 2939 340 2984 e
365 2925 470 2984 cantu
496 2910 637 2983 sinistro
660 2909 790 2982 oscinis
806 2910 849 3008 ²⁸,
873 2924 914 2984 ut
945 2911 983 2985 in
1016 2926 1137 2988 nostra
1170 2913 1323 3017 discipli·

318 3065 365 3114 na
380 3054 412 3106 ’s
427 3049 499 3136 est,
514 3060 580 3110 nec
597 3061 639 3109 ex
655 3033 817 3135 tripudiis
842 3036 1018 3112 solistimis
1046 3053 1107 3113 aut
1131 3043 1279 3116 soniviis
1290 3043 1320 3092 ³·

319 3165 393 3240 tibi.
411 3187 576 3264 auguror:
602 3160 666 3235 sed
697 3159 812 3236 babeo
846 3161 912 3236 alia
945 3165 1062 3263 signa,
1087 3191 1177 3267 quae
1203 3166 1322 3242 obser·

320 3309 419 3389 vern,
444 3313 533 3390 quac
558 3287 623 3360 etsi
648 3313 721 3360 non
747 3300 830 3361 sunt
855 3289 1003 3363 certiora
1028 3289 1113 3390 illis,
1137 3293 1256 3366 minus
1277 3307 1323 3366 ta·

319 3437 402 3493 men
428 3411 559 3487 babent
576 3412 633 3486 vel
658 3411 895 3513 obscuritatis,
911 3413 969 3488 vel
985 3418 1120 3489 erroris.
1146 3415 1321 3492 Notantur

320 3557 439 3616 autem
471 3537 558 3612 mihi
592 3536 637 3612 ad
671 3537 902 3615 divinandum
937 3541 1034 3641 signa
1068 3541 1203 3644 duplici
1238 3570 1321 3646 qua-

321 3669 403 3742 dam
432 3668 502 3742 via:
528 3691 673 3769 quarum
707 3663 850 3738 alteram
882 3665 973 3741 duco
1000 3693 1020 3741 a
1046 3667 1195 3744 Caesare
1221 3672 1322 3771 ipso,

321 3791 463 3866 alteram
490 3820 510 3866 e
535 3805 734 3892 temporum
753 3789 907 3865 civilium
932 3807 1058 3869 natura
1083 3807 1190 3898 atque
1215 3797 1321 3870 ratio·

319 3943 372 3990 ne.
399 3919 440 3992 ln
465 3920 613 3993 Caesare
639 3917 725 3992 baec
751 3930 848 3992 sunt:
875 3919 969 3994 mitis
1003 3919 1227 4024 clemensque
1260 3946 1319 3994 na·
