2932 4954
519 449 557 498 tu
583 446 772 498 BPlflTOUS

577 656 709 720 GDXLl.

150 895 163 937 ι
185 873 232 936 ss
252 873 444 934 munuum
462 870 564 936 um
583 882 613 933 et
632 871 769 955 tempusa
782 871 888 932 eme.
907 869 1038 954 lucus,
1062 884 1146 934 ante·
1184 839 1187 857 '

185 1001 277 1065 quem
296 980 403 1042 Cicero
421 979 518 1042 Roma
538 981 645 1061 exiret,
664 981 724 1040 ism
749 981 931 1040 constituisse
952 999 1022 1040 eum
1044 999 1080 1041 eo
1100 984 1146 1042 vi·

186 1089 277 1152 detur
295 1108 357 1171 quo
376 1087 425 1150 die
444 1098 476 1150 et
494 1107 555 1171 quo
575 1087 643 1148 loeo
662 1098 747 1149 extre
766 1086 874 1164 urbem
887 1105 957 1148 eum
971 1087 1146 1150 Ciceronee

186 1195 260 1258 villis
279 1195 424 1258 redeunte
444 1199 622 1258 conveniret.
643 1196 769 1257 Scls'o'nls.
790 1197 852 1274 Qui
873 1193 936 1256 dies
956 1197 1005 1276 sit,
1019 1206 1146 1279 constet,

186 1323 247 1366 non
266 1316 368 1366 nutem
387 1305 439 1387 qui
458 1304 558 1388 loeus3
580 1304 632 1365 sed
657 1321 696 1364 ex
720 1306 756 1364 its
782 1319 860 1386 quae
885 1314 1051 1386 sequuntur
1077 1303 1147 1364 licet

178 1414 330 1474 ,eoniieere
350 1411 449 1472 villum
468 1411 557 1472 fuisse
577 1408 707 1493 aliquem
721 1413 759 1489 Q.
773 1407 877 1472 fratris·
893 1409 997 1494 Supra
1010 1429 1077 1472 mss.
1094 1408 1146 1471 eli·

162 1565 165 1574 .
187 1521 239 1601 spui
259 1539 328 1580 eum
347 1517 453 1580 Lamb.
473 1520 534 1580 ubi.
579 1553 582 1562 =
704 1553 708 1562 .

146 1646 166 1688 2
186 1625 367 1700 Per-venuste
383 1625 421 1686 ab
435 1629 535 1688 evium
550 1628 663 1707 garritu
676 1625 716 1686 ed
727 1624 892 1709 puellarem
905 1625 1018 1686 Atticae
1032 1644 1146 1686 sermo-

184 1753 255 1796 nem
275 1732 457 1798 trenslntum.
481 1734 606 1806 Gan-iat
624 1744 739 1817 eutem,
760 1732 818 1794 scil.
840 1744 940 1796 tecum
954 1734 1083 1814 Romae,
1096 1733 1146 1793 cui

187 1843 348 1924 opponitur
366 1839 477 1904 scribat
496 1844 519 1902 si
539 1844 706 1902 metientur.

145 1948 166 2010 3
187 1947 256 2010 Scil.
275 1946 385 2010 scribes
405 1951 429 2010 si
449 1951 621 2030 nutiestur,
641 1949 732 2028 idest,
758 1950 781 2009 si
801 1950 832 2008 in
851 1969 938 2028 rure,
957 1949 988 2008 in
1007 1947 1074 2008 ville
1095 1943 1150 2008 de*

187 2057 245 2140 git3
265 2057 413 2118 nuntiabis
433 2058 458 2118 si
478 2057 558 2139 epud
578 2067 613 2119 te
633 2067 686 2118 est.
711 2056 865 2120 Ernestius
885 2076 902 2118 e
922 2052 999 2117 libro
1021 2055 1148 2116 Germa·

185 2165 254 2226 nleo
273 2160 366 2224 scribe
384 2195 427 2210 -
445 2163 565 2224 nunna.-
719 2207 722 2214 .

145 2271 168 2349 4
187 2270 214 2331 Ε
235 2271 371 2352 sequenti
387 2269 614 2345 γιροντιιώτιρον
630 2284 675 2331 est
694 2281 750 2332 ete.
770 2273 839 2332 setis
857 2280 984 2354 apparet
1002 2267 1147 2329 subaudi-

186 2380 228 2460 ri,
248 2377 331 2462 quud
350 2379 463 2440 Atticus
483 2389 571 2440 entes
595 2379 760 2461 scripserit,
784 2395 891 2461 nempe
910 2373 1065 2450 γιρὸντικον
1082 2389 1146 2455 est;

185 2488 328 2546 nimimm
348 2505 418 2547 eum
437 2483 585 2546 vellicasse
605 2485 793 2568 Cioerunm,
814 2483 896 2567 quod
917 2487 983 2565 igne
1001 2485 1146 2542 matutino

187 2613 225 2656 eo
244 2597 380 2677 tempere
401 2590 598 2654 delectaretur
615 2592 664 2656 vel
683 2611 760 2676 opus
778 2591 918 2675 heleseu
939 2595 1019 2652 aiens
1044 2589 1075 2649 id
1101 2616 1146 2672 ys-

188 2711 331 2789 pimm,
354 2701 430 2763 idest
456 2701 561 2781 senile,
587 2704 742 2786 proprium
763 2701 882 2762 senibus
903 2719 980 2782 esse3
1000 2698 1084 2782 quod
1103 2717 1148 2758 re·

187 2831 259 2872 vern
279 2809 402 2894 quidem
417 2807 519 2870 Celsus
533 2807 635 2870 iisdem
647 2807 873 2894 praeseribit,l
894 2809 937 2891 ll,
958 2829 983 2869 c.
1010 2829 1033 2866 ι.
1054 2807 1147 2889 Igitur
1275 2857 1285 2872 ,

187 2916 293 2978 Cicero
307 2915 404 2978 eidem
419 2919 517 2978 iocose
530 2915 648 2998 obiicit,
667 2929 910 3004 γεροντικώτερον,
924 2915 1002 2976 idest
1014 2913 1149 2993 senilius,

187 3026 283 3104 magis
308 3025 464 3107 proprium
484 3026 559 3084 senis
585 3045 648 3086 esse
675 3028 819 3088 memorie
845 3024 913 3084 labi.
940 3025 1015 3084 Nem
1035 3024 1148 3082 Atticen

189 3129 253 3192 dies
272 3130 383 3192 oblitus
401 3130 500 3192 fueret
514 3130 553 3192 nd
568 3151 757 3215 congressum
772 3135 944 3194 eonstitutos
955 3130 1001 3192 vel
1015 3129 1055 3190 nd
1067 3126 1149 3188 eliud

187 3237 349 3321 quidpiam.
381 3235 442 3300 Sed
469 3237 510 3298 ob
540 3239 746 3322 pertmbetsm
778 3243 846 3300 enni
873 3242 1018 3299 rationem
1043 3234 1148 3317 (epist.
1211 3271 1213 3280 ,

187 3345 365 3426 CDLXXV,
384 3353 446 3406 not
467 3343 488 3406 5
494 3344 506 3428 )
526 3347 550 3406 si
567 3345 610 3408 ed
631 3347 782 3408 veritatem
804 3349 871 3410 enni
885 3344 987 3407 soleris
997 3344 1149 3422 exigetur,

187 3450 265 3512 idest
284 3449 324 3512 nd
336 3453 392 3516 Vll
413 3451 478 3514 Kal.
493 3453 602 3536 April,
616 3457 672 3516 erit
685 3453 747 3514 dies
760 3454 848 3517 XXV
861 3451 976 3530 Martii,
989 3467 1049 3543 nen
1063 3447 1148 3527 Muli,

187 3579 249 3640 quo
270 3557 340 3620 deta
358 3557 432 3620 haec
445 3559 568 3643 epistole
582 3571 661 3641 eret,
675 3581 771 3643 eoque
784 3562 882 3622 minus
895 3561 953 3620 erit
965 3553 1148 3636 mirandum,

188 3651 364 3726 Cleemnem
383 3669 452 3746 igne
472 3671 618 3728 matutino
638 3670 690 3728 uti.

147 3773 168 3834 5
189 3771 328 3835 Obscura
347 3771 422 3834 lmee
441 3785 472 3835 et
491 3774 627 3858 abrupte.
648 3775 704 3838 Alii
725 3772 887 3860 explicent,
908 3773 970 3834 dies
990 3773 1060 3832 istos
1080 3787 1149 3827 eon·

189 3881 316 3941 stituisse
336 3881 428 3962 suo,
447 3883 545 3942 Attico
566 3894 596 3944 et
616 3885 654 3962 Q.
676 3885 767 3945 lintri
787 3883 940 3944 Emestius
953 3897 1024 3942 veru
1044 3875 1148 3942 lllsuu-
1191 3907 1205 3918 ·

183 3988 262 4050 tium
291 3985 482 4070 reprehendit
509 3989 592 4072 quod
618 3989 662 4053 II
683 3991 755 4058 Kal.
784 3991 899 4054 dederit
924 4006 980 4072 pro
1005 3983 1038 4044 V
1061 3979 1148 4058 nat,
