2898 4956
338 451 407 528 186
640 471 809 526 nrrsrou
833 476 988 527 cnxnvu.
1112 476 1145 528 r.
1156 480 1194 528 v.
1210 483 1239 530 e.
1255 494 1302 548 1⁰⁷

332 575 403 650 Sed
428 589 561 674 tamen,
585 575 615 648 si
639 575 764 674 sciam,
789 577 874 678 quid
900 592 938 650 tu
957 580 1195 681 constitueris,
1212 609 1328 658 meum

332 702 516 777 consilinm
554 701 832 776 accommodabo
870 705 1093 805 potissimum
1133 707 1180 782 ad
1217 723 1324 784 tuum.

331 831 449 926 Quare
473 842 638 931 exspecto
663 844 741 904 tuas
766 828 897 905 literas.

711 1083 939 1160 CDXLVffl
1068 1128 1121 1186 <Aa
1136 1128 1190 1174 ms.
1206 1129 1257 1190 rx,
1272 1131 1302 1188 s)

327 1263 544 1344 Argumentwn.
559 1259 674 1322 Probat
683 1272 714 1324 et
726 1261 822 1334 diem,
836 1283 898 1344 quo
912 1265 1089 1326 conventuri
1105 1265 1178 1336 siut,
1192 1275 1222 1325 et
1235 1287 1321 1325 suurn

366 1369 572 1450 Varronisque
593 1369 766 1442 consilium,
787 1368 869 1452 quod
889 1369 981 1435 semei
1001 1391 1019 1430 n
1040 1369 1168 1433 Caesare
1191 1375 1265 1432 vieti
1285 1369 1322 1432 ab

364 1477 455 1536 armis
475 1473 671 1536 discesserint.

507 1681 562 1734 Sor.
580 1681 676 1736 Romae
688 1683 725 1750 Α.
743 1679 777 1735 V.
795 1682 825 1736 C.
845 1681 980 1750 DCCVH,
997 1683 1034 1738 Μ.
1053 1683 1136 1736 lunio.

418 1889 453 1988 ἰ
648 1879 793 1948 CICERO
817 1879 994 1947 VARRONI

370 2087 458 2164 Mihi
483 2078 567 2164 iero
601 2086 649 2162 ad
680 2085 832 2162 Nonas¹
863 2086 954 2164 bene
979 2101 1156 2164 maturum
1181 2090 1320 2168 videtur

320 2215 416 2318 sore3
451 2239 565 2319 neque
601 2212 714 2288 solum
745 2225 896 2316 propter
930 2217 981 2289 rei
1016 2215 1180 2319 publicae
1196 2233 1223 2315 ¹,
1258 2218 1320 2292 sed

319 2343 425 2418 etiam
448 2355 596 2446 propter
621 2341 704 2420 anni
729 2353 877 2444 tempus.
910 2343 1029 2434 Quare
1062 2341 1155 2416 diem
1180 2345 1317 2418 istum³

317 2469 440 2572 probo.
466 2461 589 2572 Itaque
615 2465 808 2543 eumdemi
827 2469 903 2570 ipse
928 2494 1061 2572 sequar.
1083 2471 1229 2544 Consilii
1254 2497 1319 2545 no·

316 2598 395 2699 stri,
419 2621 464 2671 ne
489 2598 518 2670 si
543 2621 604 2670 eos
629 2595 792 2699 quidem,
827 2597 886 2698 qui
916 2594 954 2667 id
979 2595 1090 2669 secuti
1115 2622 1189 2672 non
1213 2611 1317 2697 sunt,

313 2747 386 2796 non
410 2725 609 2826 poeniteret
623 2726 649 2821 ⁵,
665 2723 768 2796 nobis
793 2721 1047 2824 poenitendum
1067 2731 1240 2822 'putarem
1258 2725 1317 2798 se-

314 2831 386 2920 cuti
409 2847 504 2920 enim
529 2875 648 2920 sumus
673 2874 747 2921 non
779 2874 879 2950 spem
896 2851 924 2950 ⁶,
947 2846 1010 2924 sed
1036 2848 1211 2924 officium:
1237 2851 1315 2925 reii-

314 2975 452 3077 quimus
476 2986 595 3050 autem
626 2998 699 3050 non
726 2973 878 3048 officium
889 3031 901 3076 ,
932 2974 996 3050 sed
1022 2975 1314 3080 desperationem.

312 3103 369 3177 Ita
400 3097 700 3179 verecundiores?
736 3098 883 3194 sumus,
917 3127 1022 3203 quam
1058 3103 1118 3205 qui
1142 3128 1180 3186 ae
1207 3103 1314 3178 domn

312 3252 386 3302 non
411 3239 700 3325 commovemnt5
732 3227 909 3328 saniores,
940 3255 1045 3330 mam
1071 3230 1152 3331 qui,
1178 3231 1312 3304 amissis

311 3351 438 3456 opibus
454 3354 483 3452 ⁸,
507 3351 651 3426 domurn
675 3377 749 3426 non
774 3367 1002 3428 reverterunt
1036 3351 1107 3428 Sed
1134 3355 1224 3429 nihil
1248 3357 1312 3430 mi·

310 3505 377 3556 nus
401 3478 491 3582 fero,
516 3505 622 3582 quam
647 3481 869 3553 severitatem
894 3481 1128 3582 otiosorums,
1149 3496 1203 3582 et,
1228 3507 1310 3584 quo·

309 3635 380 3712 quo
404 3606 514 3684 modo
539 3634 576 3680 se
601 3633 656 3680 res
681 3603 788 3678 habet
808 3621 849 3706 ¹⁰,
880 3608 990 3705 magis
1022 3607 1100 3682 iilos
1126 3635 1250 3684 vereor
1269 3623 1308 3708 ¹¹,

309 3735 429 3834 quiin
453 3732 547 3812 bello
573 3731 794 3832 occiderunt,
826 3757 931 3834 quam
962 3733 1027 3806 hos
1045 3760 1157 3836 curo,
1183 3733 1306 3838 mribus

306 3880 380 3930 nou
404 3860 655 3958 satisfacimus,
688 3860 768 3961 quia
799 3859 957 3932 vivimus.
984 3859 1072 3931 Mihi
1097 3861 1125 3932 si
1151 3862 1303 3961 spatium

306 3979 469 4056 fueritin
494 3985 731 4059 Tusculanum
759 3997 840 4058 ante
865 3983 985 4058 Nonas
1012 3985 1199 4086 veniendi,
1228 3986 1302 4058 istic
