2898 4956
335 445 402 518 180
504 427 514 444 '
661 455 831 503 emerem
857 411 1021 503 eumve·
1108 455 1138 502 Α.
1153 457 1186 504 v.
1204 457 1234 503 c.
1251 469 1298 519 m

328 553 513 635 ferendum
538 565 609 650 est;
632 562 669 621 et
685 547 852 650 probare,
867 549 897 648 si
914 545 1000 650 quid
1016 543 1240 648 probandum
1255 575 1325 624 nou

328 699 417 760 ests.
442 679 521 754 Etsi
546 675 633 780 quid
657 699 731 750 non
755 672 925 776 probem?
942 672 1027 776 quid
1050 674 1144 747 enim
1161 673 1231 747 iem
1252 677 1323 750 seio

327 823 468 914 praeter
499 803 598 880 initia
630 800 767 878 rerum?
786 818 815 854 ¹⁰
848 827 931 874 uam
961 799 1049 874 haec
1081 801 1120 874 iu
1144 798 1323 878 voluntate

326 937 467 1010 fuerunt
486 947 525 1004 ¹¹.
550 928 636 1004 Vidi
660 928 755 1002 enim
780 937 887 1016 (nem
911 941 950 1002 tu
976 925 1161 1016 aberas12)
1186 943 1323 1004 neruos

326 1061 459 1146 amicos
474 1060 503 1110 ¹³
530 1081 658 1158 cupere
682 1053 830 1156 bellum5
856 1053 950 1126 hune
964 1053 994 1119 ¹4
1011 1065 1129 1127 autem
1152 1079 1227 1128 uon
1251 1069 1322 1130 tem

326 1212 476 1289 cupere,
501 1209 607 1288 quam
630 1207 705 1257 nen
730 1181 860 1255 timere.
885 1183 981 1279 Ergo
997 1179 1085 1254 haee
1103 1179 1238 1260 consilii
1254 1181 1322 1256 fue·

324 1328 424 1396 runt:
450 1309 581 1413 reliqua
607 1309 809 1383 necessaria.
834 1308 986 1382 Vincere
1011 1321 1128 1381 autem
1153 1322 1216 1382 aut
1238 1308 1321 1410 hos,
1441 1315 1442 1334 ¹

285 1461 292 1478 ’
325 1451 387 1512 eut
410 1434 507 1534 illus,
530 1459 673 1510 neeesse
697 1459 773 1509 esse
792 1435 831 1506 ¹⁵.
857 1433 937 1510 Scio
963 1447 998 1507 te
1022 1457 1160 1534 semper
1183 1459 1319 1512 mecum

323 1561 479 1641 inluctu
507 1559 631 1660 fuisse,
663 1585 772 1660 quum
804 1558 1002 1633 videremus
1021 1561 1064 1659 ¹⁶,
1097 1585 1202 1661 quem
1235 1559 1320 1636 illud

321 1689 444 1788 iugens
469 1684 767 1759 malum‘elterius
791 1687 903 1758 utrius
928 1685 1099 1760 exereitus
1129 1699 1165 1758 et
1190 1684 1320 1760 ducum

321 1816 463 1898 interitu
483 1827 537 1912 ⁸23
574 1826 651 1885 tum
688 1836 772 1885 vero
810 1823 1006 1885 extremum
1035 1809 1208 1885 malorum
1244 1837 1320 1885 om·

314 1941 418 2025 ¹nium
444 1964 518 2013 esse
544 1935 654 2010 civilis
679 1935 763 2010 belli
789 1937 971 2010 victoriam
987 1937 1032 2036 ¹⁸,
1050 1961 1153 2046 quam
1178 1937 1319 2039 quidem

320 2090 385 2164 ego
409 2066 516 2146 etiam
541 2061 681 2146 illorum
699 2079 731 2140 ¹9
756 2061 945 2163 timebam,
980 2061 1026 2136 ed
1056 2089 1144 2166 quos
1174 2089 1317 2138 venera·

318 2217 405 2272 mus.
430 2188 627 2270 Crudeliter
652 2189 755 2266 euim'
772 2189 893 2267 otiosis
919 2187 1141 2263 minabantur
1160 2205 1203 2291 ¹⁰5
1228 2203 1318 2264 erat·

317 2342 386 2420 que
412 2317 453 2389 iis
479 2330 516 2390 et
541 2329 601 2394 tua
627 2316 739 2392 invisa
766 2314 951 2415 voluntas,
978 2331 1016 2422 et
1041 2341 1119 2398 mea
1143 2317 1256 2398 oratio
1275 2333 1314 2396 ²¹.

315 2443 419 2518 Nune
444 2467 550 2542 vero,
575 2443 614 2515 si·
631 2456 748 2515 essent
771 2443 882 2516 nostri
908 2443 1031 2543 potiti,
1062 2441 1165 2516 valde
1190 2445 1316 2518 intem·

316 2584 478 2670 perantes
504 2568 658 2642 fuissent.
681 2571 794 2641 Erant
810 2569 903 2642 enim
921 2566 1024 2642 nobie
1034 2570 1199 2687 perirati,
1217 2573 1316 2672 quasi

315 2694 500 2796 quicquum
528 2693 572 2765 de
598 2708 717 2776 nostru
735 2693 845 2776 salute
864 2693 1135 2773 decrevissemus
1149 2711 1192 2797 ²²,
1218 2697 1316 2797 quod

313 2795 387 2918 nen
411 2815 505 2900 idem
531 2815 597 2898 illis
625 2819 893 2918 censuissemus3
919 2833 979 2892 eut
1004 2805 1102 2923 quasi
1127 2819 1245 2897 utilius
1264 2821 1314 2894 rei

180 2945 184 2960 '
314 2940 479 3044 publicae
501 2940 624 3038 suerit,
657 2967 718 3048 eos
752 2945 856 3026 etiem
882 2945 927 3021 ad
952 2925 1142 3020 bestiarum
1159 2947 1191 2996 ²³
1217 2949 1314 3022 auxi-

312 3069 398 3150 lium
422 3068 623 3168 confugere,
640 3093 745 3170 quam
762 3067 818 3141 vel
836 3073 945 3154 emori
957 3070 1000 3170 ²4,
1017 3070 1073 3144 vel
1090 3059 1170 3152 eum
1182 3097 1266 3176 spe,
1281 3070 1312 3146 si'

310 3223 384 3274 non
409 3196 558 3295 optima,
583 3208 620 3274 at
637 3195 749 3296 aliqua
772 3209 889 3270 tamen
907 3198 1032 3274 vivere.
1049 3241 1098 3268 n
1114 3197 1164 3272 At
1179 3199 1217 3270 in
1234 3223 1311 3298 peu·

310 3321 448 3395 turbata
465 3320 658 3422 republica
678 3322 836 3396 vivimus.
848 3365 898 3390 -η
911 3323 1000 3415 Quis
1017 3321 1142 3422 negat?
1159 3323 1223 3398 sed
1241 3324 1309 3399 huc

308 3447 461 3538 viderint
485 3449 531 3545 ii,
557 3447 614 3552 qui
640 3445 735 3532 nulla
761 3446 828 3521 sibi
853 3447 1006 3522 subsidia
1033 3448 1080 3523 ed
1105 3475 1228 3524 omues
1252 3452 1307 3524 vi-

308 3589 363 3662 tae
388 3573 499 3648 status
516 3573 548 3623 ²⁵
573 3557 794 3676 paraverunt.
828 3573 907 3647 Huc
945 3578 1039 3649 enim
1065 3589 1105 3648 ut
1129 3577 1306 3674 venirem,

273 3731 279 3738 ·
306 3703 464 3812 superior
488 3699 644 3816 longius,
669 3725 773 3812 quam
800 3699 911 3802 volui²
929 3701 1028 3784 fluxit
1045 3701 1168 3787 oratio.
1186 3703 1305 3795 Quum

305 3827 397 3898 euim
425 3842 458 3900 te
483 3853 622 3929 semper
646 3851 811 3925 maguum
836 3825 1014 3902 homiuem
1046 3828 1128 3901 duxi
1146 3831 1196 3929 ²⁶5
1229 3843 1304 3902 tum

304 3951 399 4064 quod
423 3951 477 4025 his
504 3951 770 4064 tempestatibus
796 3977 833 4028 es
858 3979 970 4063 prope
996 3951 1090 4034 solus
1115 3955 1153 4034 in
1177 3967 1302 4066 portu,
