2910 4962
533 483 571 530 ιιι
597 481 786 528 arrsronrs
1092 457 1162 559 467

203 587 392 670 aliquotque
413 585 444 644 r'rr
464 586 528 645 loco
549 604 668 665 rumurq
694 595 753 645 tres
773 583 881 643 tmbb.
909 603 977 642 curn
997 583 1067 643 Rec.
1089 603 1163 665 quo·

202 715 326 779 eumque
346 697 377 754 iu
396 693 471 754 loco.

160 801 183 864 6
201 801 327 884 Supple,
347 802 469 883 inquies.
489 797 604 860 Deinde
624 813 722 860 tamer
742 799 773 858 r'rr
793 822 816 858 s.
838 799 857 858 i.
879 796 988 856 modus
1008 795 1166 880 loquendi,

201 920 236 970 ut
255 908 330 970 Phil.
352 908 422 971 Vll:
443 905 519 990 quid
537 906 646 989 resen?
666 920 764 967 tamen
782 906 885 988 opinio
905 917 950 966 ert
965 905 1093 986 purior.
1114 906 1166 966 Li·

199 1017 247 1077 bri
267 1027 336 1078 vett
358 1007 470 1098 aliquot
489 1014 653 1080 incidimur-r·
679 1025 700 1042 ¹·

161 1146 181 1206 7
202 1126 325 1186 lronice.
346 1115 471 1206 Proprie
491 1133 608 1184 autema
629 1121 812 1205 aper-naudus
825 1131 871 1184 eat
883 1120 1040 1181 hominum
1055 1139 1164 1200 sermo,

200 1235 359 1316 praecipue
379 1251 484 1292 eorum
505 1233 556 1312 qui
577 1241 607 1291 et
625 1229 784 1290 honestum
805 1231 901 1290 otium
920 1231 1122 1310 vituperantes
1135 1238 1166 1295 iu

201 1337 318 1420 flagitiis
336 1339 516 1402 volutantru.
542 1339 584 1399 Er
603 1335 739 1399 uberare
764 1337 841 1420 quid
861 1341 1030 1401 'rectissime
1056 1341 1166 1404 dicitur

200 1467 258 1529 pro
278 1448 310 1507 r'rr
329 1467 398 1529 quo.
420 1439 488 1508 Pa'r.
510 1445 651 1531 ntquiei
668 1446 746 1506 enirn
765 1449 824 1527 cqo'
839 1445 990 1522 laborovi,
1011 1463 1068 1511 aut
1089 1452 1167 1533 quid

200 1544 271 1637 egi?
290 1575 336 1638 ep.
357 1554 615 1626 couxxxvtur
627 1555 702 1614 nihil
713 1553 835 1636 laborer,
856 1566 886 1616 et
907 1575 954 1639 ep.
973 1556 1162 1634 Dxxxvn:

200 1681 261 1722 rrou
279 1675 341 1724 tam
361 1663 397 1723 id
413 1665 526 1730 biom.
549 1658 622 1723 Oorl.
644 1661 746 1722 Ambr.
773 1663 808 1740 ι4
829 1664 848 1722 l.
867 1685 946 1725 erre„

159 1767 182 1832 8
201 1768 281 1829 idest
299 1773 409 1852 otium,
430 1769 514 1852 quod
532 1789 587 1830 uos
607 1769 659 1840 toli
674 1773 873 1831 communiter
883 1774 1085 1834 consumimur
1099 1775 1161 1834 col-

201 1875 352 1959 loquendo
372 1888 403 1938 et
414 1877 616 1961 disputando,
629 1895 696 1936 'nou
715 1895 785 1937 cum
805 1877 869 1938 aliis
887 1899 942 1960 per
962 1880 1064 1963 epulas
1078 1892 1109 1943 et
1122 1886 1162 1943 si·

202 1984 290 2044 milia
307 1985 422 2047 'Ermrt
466 1977 470 1986 ⁴
621 2005 624 2015 ’

159 2113 183 2177 9
202 2092 403 2154 indoctorum.
429 2093 471 2154 Te
480 2105 654 2176 persequor,
668 2092 744 2154 idest
757 2104 787 2156 te
801 2095 987 2180 conveniam,
1004 2108 1034 2158 te
1048 2119 1164 2182 sequar.

202 2201 300 2260 Naeui
319 2201 420 2284 plures
439 2221 509 2260 curu
529 2201 598 2264 Rec
616 2221 780 2285 persequor
801 2215 845 2286 te3
870 2205 902 2262 in
925 2203 1021 2265 tribur
1044 2225 1116 2267 vero
1138 2220 1164 2268 te

203 2307 303 2390 abest,
321 2320 356 2369 ut
376 2311 407 2369 iu
427 2308 474 2369 ed.
494 2309 599 2391 Rom.;
619 2307 667 2369 alii
685 2331 882 2393 persequerer.

165 2433 202 2475 ιο
223 2415 341 2476 Scilicet
361 2437 438 2498 quac
458 2417 645 2500 impendent,
658 2427 732 2501 puta
744 2417 913 2478 incendium
928 2419 1067 2502 civitatis,
1083 2418 1165 2501 quod

203 2543 293 2606 aupra
319 2513 422 2586 innuit
447 2525 562 2588 Ambo:
583 2524 697 2608 aliquot
722 2543 792 2586 eum
817 2523 888 2586 Rcc.
914 2526 974 2585 siret
998 2527 1080 2587 liner.
1106 2523 1164 2587 Ed.

203 2629 297 2692 Scina.
319 2631 518 2717 Quamquam.

165 2757 199 2798 ιι
225 2737 354 2821 supple,
373 2741 428 2800 nisi
448 2743 478 2800 in
498 2739 611 2800 artibus
631 2742 746 2800 nostris.

165 2863 201 2906 ru
222 2830 414 2929 Reipublicae
434 2851 599 2932 oppressio,
620 2847 778 2910 calamitas.
799 2848 872 2910 Mox
892 2848 996 2908 Lumb.
1017 2848 1122 2910 maluit
1134 2863 1167 2910 nr

203 2953 351 3015 medicina
370 2975 395 3016 e.

165 3061 202 3123 13
222 3061 292 3123 virt
314 3083 359 3146 ep.
379 3063 559 3146 oxum
937 3137 942 3146 q

166 3170 204 3246 ri
224 3169 273 3230 Sic
292 3174 384 3232 nostri
404 3192 506 3232 ornnes
528 3193 597 3234 cum
617 3173 723 3234 Lamb.
740 3173 859 3236 Oliveto
874 3173 1005 3255 alliaque.
1021 3174 1121 3255 Vulgo
1135 3187 1167 3235 ut

203 3279 391 3354 rescriberes,
412 3279 495 3361 quod
515 3280 695 3343 locutionem
716 3280 867 3364 eliquanto
888 3282 1047 3364 abruptam
1062 3279 1166 3362 allicit,

203 3383 346 3466 quodque
375 3395 476 3448 tamen
505 3391 667 3472 reciperem
695 3390 719 3448 ai
746 3409 817 3448 mox
848 3399 924 3448 esset
950 3409 1054 3472 meque
1080 3407 1166 3471 exsp.

204 3489 302 3552 Porro
321 3493 398 3554 rrilril
416 3494 541 3570 seilicet,
562 3496 653 3580 idest,
673 3495 753 3558 nulla
774 3496 813 3558 de
834 3517 922 3557 eausa
949 3497 1022 3557 haec
1044 3495 1095 3557 tibi
1123 3495 1169 3556 di·

204 3617 257 3682 co,
277 3603 330 3661 nisi
350 3613 384 3663 ut
405 3613 459 3664 etc.
