2932 4954
521 443 559 490 m
585 438 773 490 nrisronas
1075 419 1150 520 479

188 549 255 608 nuit
274 545 305 606 in
324 542 489 628 Pomptino.
503 543 560 606 Alii
573 543 660 605 codd.
675 555 705 604 et
722 542 790 604 edd
804 552 873 604 vett
888 553 1028 626 comrpte
1041 549 1149 627 optime

189 653 235 715 vei
254 651 368 736 oppido
388 650 499 732 legunt.
844 675 847 686 >

146 760 169 824 5
188 763 234 822 De
253 763 322 821 nari
344 759 500 843 egredere3
522 779 567 842 ep.
589 757 794 838 CCLXXXII,
820 777 843 816 ι.

146 867 168 930 6
189 869 255 929 Hoc
275 879 319 929 est
337 871 369 928 in
389 867 520 928 Alsiense
539 878 570 927 et
590 867 707 926 Ostiae:
736 876 767 927 et
792 887 861 926 sane
887 885 981 946 quum
1001 867 1147 926 incertum

188 987 280 1060 esset,
305 975 379 1058 quid
404 975 537 1036 facturus
557 986 632 1036 esset
652 975 777 1059 Caesar,
803 972 961 1056 oportebat
980 972 1162 1034 Varronem,
1270 1009 1272 1012 -

187 1082 233 1144 bis
254 1083 373 1144 duobus
393 1083 464 1143 locis
484 1081 644 1166 hospitium
664 1103 780 1166 parare.
801 1083 903 1142 Lectio
923 1080 997 1142 baec
1018 1083 1148 1141 auctori·

188 1202 249 1252 tate
268 1203 414 1252 mstorum
435 1189 636 1252 confirmatur.
658 1189 814 1250 Sebtttnius
833 1188 914 1250 dedit
932 1202 964 1248 ut
982 1188 1147 1272 utmbique3

193 1299 245 1360 sed
265 1312 297 1358 ut
315 1319 375 1360 non
395 1298 503 1382 legitur
522 1302 552 1360 in
572 1319 656 1378 mss,
676 1309 708 1359 et
726 1309 791 1359 tuto
812 1297 914 1358 abesse
928 1307 1032 1380 potest
1046 1296 1147 1380 Vulgo

190 1409 242 1468 uti
261 1408 389 1491 rurique,
405 1427 511 1490 nempe
524 1408 652 1470 Varroni
667 1419 698 1468 et
711 1407 818 1467 Tullio.
840 1405 896 1466 Atii
917 1416 986 1466 vett
1008 1399 1147 1488 corrupte

190 1527 256 1574 utor
274 1514 321 1575 vel
342 1527 409 1576 utar
427 1513 550 1598 ubique,
569 1515 676 1576 Lamb.
697 1516 811 1598 utrubi,
835 1513 882 1574 alii
906 1527 937 1576 ut
957 1509 1063 1597 ubique
1069 1559 1079 1588 ‚
1100 1513 1148 1576 vel

189 1619 281 1682 aliter.

149 1750 169 1810 7
192 1728 308 1790 Caesar.
329 1728 402 1789 Mox
422 1729 493 1790 olim
513 1733 543 1790 in
562 1730 711 1814 plerisque
730 1731 769 1791 sit
787 1730 900 1791 aberat

147 1834 170 1898 8
193 1835 304 1920 Hirtio,
324 1837 444 1917 scilicet,
463 1837 557 1898 Balbo
571 1850 602 1899 et
616 1839 731 1924 Oppio,
746 1838 937 1901 Caesarianis.
951 1837 1049 1922 Aliqui
1062 1839 1149 1899 omit·

191 1955 258 2004 tunt
276 1946 343 2029 tibi,
364 1943 486 2006 sortasse
507 1949 623 2008 rectius.

147 2073 172 2134 9
192 2049 357 2136 Significat,
379 2073 411 2114 se
429 2073 514 2138 posse
535 2053 655 2136 quidem
677 2066 742 2116 tuto
763 2056 837 2126 scire
864 2055 984 2116 consilia
1005 2058 1148 2137 istorum,

191 2180 252 2219 non
272 2171 371 2220 autem
392 2160 528 2244 probare.
548 2161 638 2223 Aliud
654 2173 698 2223 est
712 2166 790 2224 enim
804 2163 882 2224 ferre
896 2161 978 2246 quod
992 2163 1149 2225 ferendum

191 2277 250 2348 est,
270 2287 365 2350 quum
384 2271 539 2330 necessitas
560 2272 655 2353 oogit3
676 2270 757 2330 aliud
776 2271 906 2355 probare
926 2272 1008 2354 quod
1029 2291 1089 2331 non
1105 2279 1149 2330 est

189 2373 389 2457 probandum.

153 2499 191 2543 ιο
212 2481 297 2544 Initia
322 2473 423 2543 rerum
451 2503 527 2565 quae
552 2503 612 2544 non
632 2483 780 2568 probabat
800 2486 830 2543 in
851 2483 997 2568 Caesare,
1023 2482 1091 2564 illo,
1114 2491 1149 2542 ut

191 2592 313 2672 opinor,
334 2591 465 2652 fuerunt:
487 2590 569 2673 quod
591 2591 701 2652 Consul
723 2591 831 2652 Caesar
850 2591 930 2672 leges
950 2591 1058 2652 multas
1079 2609 1150 2653 con-

191 2707 238 2757 tra
259 2700 387 2780 auspicia
407 2699 516 2760 tulerat
535 2687 622 2782 (epp.
645 2701 738 2783 XLV,
758 2700 854 2762 XLVI
868 2699 890 2784 );
906 2699 990 2783 quod
1005 2721 1023 2759 a
1037 2699 1150 2784 populo

190 2807 372 2889 provinciam
394 2808 485 2866 invito
506 2819 611 2868 senatu
630 2821 800 2892 acceperat3
815 2807 898 2890 quod
917 2807 1022 2868 absens
1043 2827 1151 2867 consu-

192 2913 286 2974 latum
307 2924 409 2995 petere
430 2915 580 2998 voluerat3
602 2937 667 2999 epp.
691 2917 849 2997 ccxciv,
863 2937 896 2998 2,
916 2916 1151 2998 emovunt

191 3021 309 3082 Manat.
331 3021 425 3084 Vetus
445 3021 521 3082 liber
541 3024 622 3106 opud
643 3024 783 3086 eumdem
803 3024 878 3108 quid
897 3027 959 3085 iam
978 3025 1101 3087 nescio?
1114 3047 1153 3086 ex

193 3148 256 3212 quo
276 3129 464 3210 coniieiebat,
486 3131 642 3193 commode
663 3131 719 3215 legi
741 3153 826 3216 posse
840 3135 895 3195 etri
913 3134 989 3218 quid
1006 3155 1065 3195 non
1083 3154 1152 3216 pm-

192 3235 260 3298 bem
279 3235 399 3320 quidem
420 3237 482 3300 iam
501 3242 608 3300 nescio.
635 3240 740 3300 Lamb.
764 3243 847 3325 Quid
869 3263 928 3302 non
948 3263 995 3325 pr.
1015 3241 1153 3324 equidem

193 3345 205 3424 (
218 3342 295 3404 Otiv.
322 3342 469 3426 quidem)
494 3347 613 3430 nescio;
640 3360 670 3408 et
695 3349 834 3408 Gulielm.
860 3371 897 3410 ex
917 3353 992 3411 coni.
1023 3351 1154 3434 nequid

191 3469 252 3510 non
269 3452 392 3532 probem
412 3449 533 3535 quidem
553 3456 624 3514 seio.

155 3577 188 3618 ιι
213 3559 319 3638 Quae,
338 3569 374 3618 ut
393 3561 434 3638 ita
455 3559 567 3642 dicam,
594 3573 693 3623 nostra
720 3565 750 3623 in
776 3585 868 3624 manu
892 3563 949 3625 fuit
968 3567 1152 3648 permittere,

192 3664 241 3726 vel
259 3664 429 3748 probibere.
458 3669 546 3746 Quae
572 3680 672 3729 autem
702 3669 747 3732 his
774 3673 861 3732 initiis
884 3694 986 3734 rerum
1006 3675 1153 3756 permissis

193 3783 297 3834 secuta
317 3784 401 3856 sunt,
432 3777 567 3857 cogimur
591 3777 728 3859 probare.
756 3781 830 3840 Nam
854 3782 904 3862 qui
925 3783 1073 3866 principiis
1092 3801 1153 3844 non

193 3879 308 3962 obstat,
328 3899 395 3942 sero
415 3881 591 3944 medicinam
611 3897 703 3969 pmnt.

156 4007 191 4047 ιι
214 3987 248 4048 ln
269 3985 441 4070 Hispaniam
460 3990 589 4076 legatus3
611 4015 656 4078 ep.
677 3995 782 4057 DLlll.
807 3994 930 4060 Corrad-
