2898 4956
313 443 385 536 264
626 459 796 510 rencone
822 461 993 510 cneum.
1094 463 1123 510 r.
1138 465 1171 512 r.
1191 465 1220 512 c.
1236 479 1283 527 ⁷⁰⁷

308 595 346 642 re
370 564 528 669 pubsrce,
553 587 793 667 quaecumque
819 576 889 660 est,
917 589 1020 666 quam
1047 567 1200 666 primum
1222 567 1309 640 velie

309 719 383 769 esse
399 695 425 766 ³.
461 689 573 766 Multa
606 689 742 764 videbis
776 690 922 764 fortasse
934 747 945 789 ‚
977 715 1073 794 quae
1095 691 1203 791 nolis3
1236 719 1310 769 non

307 820 409 923 plura
433 833 569 917 tamen,
593 842 700 919 quam
722 815 823 890 audis
848 817 1014 918 quotidie.
1032 818 1113 892 Non
1130 833 1185 892 est
1201 845 1309 921 porro

308 962 425 1048 tuum,
450 970 522 1020 uno
548 970 651 1018 sensu
677 943 791 1018 solum
812 933 994 1017 oculornm
1012 947 1146 1019 moveri
1157 945 1185 1046 4,
1203 959 1311 1048 q'uum

307 1075 403 1149 idem
428 1072 516 1147 illud
541 1070 681 1145 auribus
707 1071 904 1172 percipias,
937 1070 1033 1172 quod
1068 1073 1174 1145 etiam
1198 1074 1311 1146 maius

268 1295 272 1302 ι
308 1202 419 1276 videri
445 1200 552 1299 solet,
577 1198 692 1272 minus
716 1196 876 1272 laborare
889 1199 914 1268 ⁵.
939 1199 988 1271 At
1013 1197 1170 1300 tibiipsi
1196 1199 1311 1274 dicen·

311 1328 396 1403 dnm
422 1328 488 1400 erit
512 1325 662 1428 aliquid,
694 1323 791 1426 qnod
815 1349 889 1397 non
914 1325 1065 1421 sentias3
1095 1337 1158 1397 aut
1181 1325 1311 1400 facien·

310 1455 394 1527 dum
407 1509 418 1553 ‚
442 1450 539 1554 quod
563 1477 637 1525 non
662 1449 799 1552 probes.
825 1452 984 1524 Primum
1009 1453 1160 1554 tempori
1186 1453 1311 1527 cedere

308 1579 371 1666 [id
397 1593 451 1652 est
474 1579 675 1651 necessitati
701 1581 884 1677 parere⁶]‚
908 1603 1046 1678 semper
1071 1580 1240 1679 sapientis
1259 1595 1311 1654 est

308 1704 478 1779 habitum.
503 1703 641 1778 Deinde
666 1729 740 1777 non
765 1702 889 1804 habet,
905 1718 946 1776 ut
961 1730 1056 1777 nune
1076 1705 1221 1807 quidem
1245 1722 1312 1808 est,

306 1833 348 1908 id
371 1833 449 1906 vitii
473 1858 529 1905 res
547 1850 573 1904 ⁷.
606 1830 732 1904 Dicere
758 1829 921 1930 fortasse,
948 1858 1036 1933 qnae
1062 1833 1214 1931 sentias,
1237 1858 1311 1907 non

184 2001 188 2021 ι
308 1960 412 2033 licet:
436 1972 553 2032 tacere
578 1955 684 2059 plane
708 1955 800 2028 licet.
835 1957 963 2029 Omnia
996 1959 1090 2030 enirn
1123 1957 1241 2032 delata
1266 1957 1309 2032 ed

308 2111 418 2158 unum
443 2098 534 2158 sunt
559 2085 595 2156 Is
620 2084 730 2154 utitur
756 2081 920 2182 consilio,
938 2109 981 2156 ne
999 2108 1140 2156 suorum
1158 2085 1311 2186 quidem,

309 2209 373 2285 sed
398 2211 499 2284 enni.
518 2207 627 2302 Quod
651 2233 725 2282 non
750 2206 862 2280 multo
888 2235 989 2284 secus
1014 2210 1130 2310 fieret,
1146 2212 1175 2282 si
1191 2214 1223 2286 is
1239 2238 1311 2284 rem

307 2337 488 2441 publicam
512 2349 664 2435 teneret,
690 2359 793 2437 quern
819 2337 929 2408 secuti
955 2361 1083 2410 sumus.
1109 2337 1180 2436 An,
1198 2340 1309 2440 quiin

307 2463 425 2566 bello,
457 2489 566 2566 quum
598 2462 757 2536 omniurn
781 2474 941 2534 nostrum
968 2464 1196 2537 coniunctum
1222 2479 1312 2538 esset

307 2591 504 2695 periculum
522 2609 548 2690 9,
581 2615 646 2664 suo
679 2603 715 2663 et
747 2602 920 2663 certorum
954 2589 1138 2664 hominum
1169 2593 1311 2665 minime

309 2718 539 2821 prudentium
567 2715 714 2791 consilio
739 2731 913 2816 uteretur5
929 2743 1009 2789 eum
1036 2743 1219 2793 censemus
1243 2745 1311 2793 ma·

309 2845 361 2944 gis
387 2869 611 2916 communem
626 2857 654 2891 ¹⁰
672 2842 709 2913 in
728 2844 876 2915 victoria
895 2843 1049 2916 futurum
1069 2845 1191 2944 inisse,
1208 2873 1310 2948 quam

307 2971 450 3046 incertis
467 2986 495 3020 ¹¹
522 2969 627 3044 rebus
653 2969 794 3042 suisset?
819 2984 873 3068 et,
898 2973 958 3071 qui
983 2997 1067 3070 nec,
1092 2986 1127 3046 te
1153 2973 1311 3071 consule,

307 3113 407 3172 tuum
440 3095 735 3204 sapientiesimnm
769 3095 957 3169 consilium
989 3112 1129 3171 secutus
1161 3115 1256 3174 esset
1273 3117 1309 3198 ¹²,
1433 3185 1434 3188 Ἴ

308 3249 396 3323 nec,
432 3223 538 3298 fratre
564 3236 627 3298 tuo
646 3227 676 3274 ¹³
703 3220 923 3295 consulatum
949 3249 993 3296 ex
1018 3227 1229 3300 auctoritate
1254 3241 1310 3300 ma
1433 3293 1434 3296 ,

308 3363 468 3451 gerente,
492 3349 596 3423 nobis
612 3348 643 3416 ¹4
668 3348 869 3422 auctoribus
895 3352 946 3422 uri
972 3350 1138 3451 voluerit3
1164 3379 1260 3426 nunc
1273 3357 1310 3450 ¹⁵,

308 3478 426 3554 omnia
453 3492 646 3578 tenentem,
662 3489 800 3550 nostras
817 3479 1007 3551 sententias
1034 3479 1309 3554 desideratumm
1433 3543 1434 3572 ,

308 3632 429 3682 censes
453 3603 579 3680 fuisse?
605 3605 733 3678 Omnia
758 3617 840 3676 sunt
865 3605 990 3678 misera
1015 3607 1052 3679 in
1078 3604 1178 3680 bellis
1205 3604 1309 3681 civili·
1433 3579 1434 3654 i

306 3731 396 3808 bur:
431 3761 520 3838 qnae
544 3735 697 3808 maiores
721 3731 832 3805 nostri
859 3757 903 3804 ne
929 3732 1036 3806 semel
1061 3731 1224 3835 quidem⁷
1247 3757 1307 3804 no-

308 3871 379 3932 stre
404 3876 501 3936 netes
526 3847 631 3964 saepe
656 3862 728 3934 iam
761 3859 891 3933 sensit:
923 3860 986 3935 sed
1017 3861 1175 3934 miserius
1200 3858 1305 3954 nihil,

309 4008 414 4086 quarn
438 3989 516 4090 ipsa
541 3991 703 4068 victorin:
729 4014 818 4092 quae
844 3988 978 4062 etiamsi
1005 3987 1051 4062 ad
1075 3987 1235 4062 meliores
1252 4010 1306 4062 re·
