2898 4956
1266 331 1276 364 i

343 491 409 588 196
699 503 869 552 taisson
894 505 970 550 cua.
1113 503 1143 549 Α.
1161 506 1195 552 v.
1214 505 1241 550 c.
1259 517 1308 568 7⁰⁷

335 641 391 688 me
416 611 568 685 offensus
594 619 647 680 est
672 607 818 678 animus.
844 605 910 678 Est
935 604 1029 676 euim
1055 601 1214 678 adhibita
1239 606 1277 678 iu
1295 632 1335 678 ea

336 740 472 838 reipsa
497 759 631 808 summa
657 760 676 805 a
702 731 805 805 nobis
830 729 1035 804 moderatio.
1056 729 1108 804 Vt
1132 730 1226 803 euim
1252 731 1336 804 olim

335 862 549 962 arbitrabar,
582 885 656 933 esse
682 885 800 934 meum
824 855 931 930 libere
955 855 1074 959 loqui,
1105 857 1203 930 cuius
1229 883 1336 959 opera

334 1003 425 1066 esset
450 991 487 1066 iu
512 988 653 1064 civitate
677 985 820 1058 libertas
841 985 888 1084 ¹⁸3
913 989 980 1082 sic,
1006 1011 1047 1058 ea
1072 1011 1168 1058 nuno
1194 985 1336 1083 amissa,

334 1117 421 1194 nihil
446 1115 561 1218 loqui,
586 1112 682 1215 quod
708 1109 864 1185 offendat
890 1123 950 1184 aut
975 1109 1085 1212 illius,
1112 1127 1173 1186 aut
1198 1139 1336 1210 eorum,

335 1247 394 1346 qui
421 1242 465 1316 ab
488 1240 549 1314 ilio
567 1239 774 1339 diliguntur,
793 1236 1020 1312 voluntatem.
1037 1237 1201 1336 Effugere
1218 1251 1335 1312 autem

334 1371 363 1443 si
389 1368 515 1441 vellem
540 1364 791 1440 nonnullorum
817 1379 918 1438 acute
944 1377 1006 1438 aut
1029 1364 1140 1438 facete
1160 1365 1336 1438 dictomm

334 1493 563 1568 offensionem
582 1507 623 1590 ιε,
648 1491 739 1564 iama
764 1491 893 1589 ingenii
910 1489 997 1563 mihi
1014 1504 1106 1564 esset
1123 1489 1336 1564 abiicienda:

334 1617 451 1728 quod²
484 1621 513 1692 si
543 1642 684 1724 possem
702 1633 745 1718 ²⁰,
780 1643 852 1690 nou
887 1643 1090 1690 recusarem.
1122 1616 1193 1688 Sed
1217 1631 1334 1688 tamen

334 1747 411 1850 ipse
436 1745 564 1820 Caesar
588 1742 696 1818 habet
720 1769 864 1844 peracre
888 1741 1081 1842 iudicium3
1115 1756 1166 1843 et,
1193 1755 1234 1815 ut
1258 1742 1334 1814 Ser-

333 1873 435 1970 vius,
472 1871 577 1946 frater
609 1885 690 1944 tuus
708 1885 750 1967 ²¹,
783 1895 886 1972 quem
920 1866 1193 1943 literatissimum
1231 1869 1334 1942 fuisse

332 1997 469 2097 iudico,
494 1997 594 2072 facile
621 1997 765 2072 diceret:
782 1997 850 2070 Hic
877 2003 997 2074 versus
1022 1997 1137 2074 Plauti
1164 2021 1238 2069 nou
1263 2011 1335 2094 est,

333 2125 391 2198 hic
416 2138 487 2222 εει,
512 2123 609 2225 qood
635 2124 734 2196 tritas
759 2149 859 2198 aures
883 2123 1029 2198 haberet
1050 2122 1216 2196 notandis
1237 2147 1334 2222 gene·

331 2249 427 2324 ribus
445 2260 647 2351 poetarum,
664 2262 700 2322 et
717 2248 970 2323 cousuetudine
988 2249 1139 2348 legendi:
1161 2251 1213 2322 sie
1231 2248 1334 2322 audio

332 2379 515 2452 Caesarem
528 2434 538 2476 ,
571 2403 679 2479 quum
713 2373 890 2450 volumina
925 2379 995 2449 iam
1024 2377 1213 2451 coniecerit
1238 2386 1333 2456 airao-
1440 2395 1441 2400 ’

249 2597 255 2608 ι
331 2512 492 2601 &quitor
511 2521 553 2606 ²²,
578 2505 607 2577 si
633 2502 730 2606 quod
763 2503 927 2578 afferatur
959 2505 1004 2578 ad
1034 2531 1113 2575 eum
1140 2530 1205 2604 pro
1232 2529 1332 2597 ineo,

333 2631 429 2734 quod
461 2657 579 2706 meum
610 2657 683 2704 uon
720 2631 785 2729 sit,
817 2630 959 2704 reiicere
994 2629 1128 2726 solere3
1162 2629 1259 2734 quod
1292 2654 1332 2700 eo

332 2775 426 2830 nunc
444 2758 553 2856 magis
573 2758 669 2856 facit,
687 2759 767 2859 quia
776 2758 910 2840 :vivunt
935 2783 1072 2831 mecum
1090 2755 1159 2830 fere
1177 2755 1334 2859 quotidie

332 2878 424 2956 illius
448 2881 641 2960 familiares.
667 2883 836 2962 incidunt
861 2897 979 2956 autem
1002 2887 1040 2956 iu
1058 2907 1219 2958 sermone
1238 2882 1334 2956 vario

332 3007 463 3107 multa,
487 3033 577 3109 quae
603 3007 749 3081 sortasse
774 3008 864 3108 iliis,
890 3037 996 3111 quum
1024 3009 1116 3107 dixi,
1142 3034 1209 3082 uec
1234 3007 1335 3081 illite-

332 3147 406 3206 rata
420 3189 430 3231 ‚
454 3157 520 3206 nec
546 3134 675 3208 insulsa
702 3161 776 3208 esse
802 3136 997 3209 videantur.
1030 3137 1128 3208 Haec
1161 3135 1208 3207 ad
1236 3133 1334 3206 iilum

332 3285 413 3331 cum
438 3259 580 3360 reliquis
606 3239 694 3336 actis
711 3263 948 3374 perferuntur:
965 3264 1014 3335 ita
1032 3263 1125 3334 enim
1142 3263 1219 3362 ipse
1231 3283 1333 3333 mau-

331 3381 438 3460 davit
464 3386 522 3459 Sic
547 3389 604 3487 fit,
628 3401 684 3488 ut,
710 3391 739 3465 si
766 3389 851 3494 quid
876 3403 1056 3492 praeterea
1083 3387 1128 3462 de
1153 3413 1210 3460 me
1225 3391 1257 3440 ²³
1278 3411 1333 3458 au·

331 3511 426 3612 diat,
450 3538 524 3587 nou
548 3513 762 3600 audiendum
786 3530 897 3616 putet.
923 3517 1040 3610 Quam
1062 3515 1108 3588 ob
1127 3539 1201 3585 rem
1219 3513 1333 3585 Oeno-

331 3665 411 3716 mao
437 3641 546 3714 tu0²t
563 3639 650 3714 nihil
675 3654 773 3738 utor5
798 3643 864 3718 etsi
888 3643 1038 3742 posuisti
1062 3640 1143 3713 loco
1158 3640 1190 3690 ²⁵
1213 3665 1332 3712 versus

332 3765 512 3844 Accianos.
549 3767 620 3846 Sed
652 3793 742 3870 quae
775 3781 828 3840 est
856 3767 1011 3848 invidia?
1048 3781 1109 3840 aut
1135 3765 1223 3866 quid
1248 3763 1332 3838 mihi

332 3913 425 3962 nunc
459 3893 609 3974 invideri
641 3892 780 3994 potest?
805 3893 939 3968 Vomm
966 3895 1019 3968 sac
1045 3919 1119 3966 esse
1153 3893 1272 3964 omnia
1291 3893 1329 3958 ²⁶.
1435 3969 1436 3987 ¹

333 4012 389 4086 Sic
415 4016 519 4092 video
544 4017 764 4128 philosophis
789 4020 962 4120 placuisse
987 4021 1046 4120 iis,
1067 4019 1127 4123 qui
1153 4016 1240 4092 mihi
1265 4014 1328 4090 soli
