<?xml version="1.0" encoding="UTF-8"?>
<!DOCTYPE html PUBLIC "-//W3C//DTD XHTML 1.0 Transitional//EN"
    "http://www.w3.org/TR/xhtml1/DTD/xhtml1-transitional.dtd">
<html xmlns="http://www.w3.org/1999/xhtml" xml:lang="en" lang="en">
 <head>
  <title>
</title>
<meta http-equiv="Content-Type" content="text/html;charset=utf-8" />
  <meta name='ocr-system' content='tesseract 3.04.00' />
  <meta name='ocr-capabilities' content='ocr_page ocr_carea ocr_par ocr_line ocrx_word'/>
</head>
<body>
  <div class='ocr_page' id='page_1' title='image "./mtulliiciceroni66cicegoog/mtulliiciceroni66cicegoog_0391.png"; bbox 0 0 2910 4962; ppageno 0'>
   <div class='ocr_carea' id='block_1_1' title="bbox 671 376 1284 441">
    <p class='ocr_par' dir='ltr' id='par_1_1' title="bbox 671 376 1284 441">
     <span class='ocr_line' id='line_1_1' title="bbox 671 376 1284 441; baseline -0.002 -15"><span class='ocrx_word' id='word_1_1' title='bbox 671 376 841 430; x_wconf 67' lang='lat' dir='ltr'>emenone</span> <span class='ocrx_word' id='word_1_2' title='bbox 868 380 938 426; x_wconf 85' lang='lat' dir='ltr'>mn.</span> <span class='ocrx_word' id='word_1_3' title='bbox 1090 377 1119 426; x_wconf 74' lang='grc' dir='ltr'>Δ.</span> <span class='ocrx_word' id='word_1_4' title='bbox 1134 379 1170 426; x_wconf 88' lang='lat' dir='ltr'>v.</span> <span class='ocrx_word' id='word_1_5' title='bbox 1187 379 1216 425; x_wconf 91' lang='lat' dir='ltr'>c.</span> <span class='ocrx_word' id='word_1_6' title='bbox 1233 389 1284 441; x_wconf 68' lang='lat' dir='ltr'>m</span> 
     </span>
    </p>
   </div>
   <div class='ocr_carea' id='block_1_2' title="bbox 357 605 1258 867">
    <p class='ocr_par' dir='ltr' id='par_1_2' title="bbox 357 605 1258 867">
     <span class='ocr_line' id='line_1_2' title="bbox 574 605 1038 662; baseline -0.002 -3"><span class='ocrx_word' id='word_1_7' title='bbox 574 607 629 659; x_wconf 85' lang='lat' dir='ltr'>Ser.</span> <span class='ocrx_word' id='word_1_8' title='bbox 648 606 743 660; x_wconf 74' lang='lat' dir='ltr'>nomae</span> <span class='ocrx_word' id='word_1_9' title='bbox 760 607 792 660; x_wconf 74' lang='lat' dir='ltr'>A.</span> <span class='ocrx_word' id='word_1_10' title='bbox 809 605 844 662; x_wconf 85' lang='lat' dir='ltr'>V.</span> <span class='ocrx_word' id='word_1_11' title='bbox 861 605 891 660; x_wconf 86' lang='lat' dir='ltr'>C.</span> <span class='ocrx_word' id='word_1_12' title='bbox 909 605 1038 660; x_wconf 86' lang='lat' dir='ltr'>nccvn.</span> 
     </span>
     <span class='ocr_line' id='line_1_3' title="bbox 357 795 1258 867; baseline -0.008 0"><span class='ocrx_word' id='word_1_13' title='bbox 357 803 402 867; x_wconf 91' lang='grc' dir='ltr'>Μ.</span> <span class='ocrx_word' id='word_1_14' title='bbox 419 802 455 866; x_wconf 93' lang='grc' dir='ltr'>Τ.</span> <span class='ocrx_word' id='word_1_15' title='bbox 472 797 618 864; x_wconf 81' lang='lat' dir='ltr'>CICERO</span> <span class='ocrx_word' id='word_1_16' title='bbox 634 798 667 863; x_wconf 90' lang='lat' dir='ltr'>P.</span> <span class='ocrx_word' id='word_1_17' title='bbox 686 797 870 862; x_wconf 80' lang='lat' dir='ltr'>SERVILIO</span> <span class='ocrx_word' id='word_1_18' title='bbox 888 795 1103 864; x_wconf 79' lang='lat' dir='ltr'>COLLEGAE</span> <span class='ocrx_word' id='word_1_19' title='bbox 1120 796 1150 860; x_wconf 91' lang='lat' dir='ltr'>S.</span> <span class='ocrx_word' id='word_1_20' title='bbox 1166 797 1200 861; x_wconf 87' lang='lat' dir='ltr'>P.</span> <span class='ocrx_word' id='word_1_21' title='bbox 1216 797 1258 860; x_wconf 91' lang='lat' dir='ltr'>D.</span> 
     </span>
    </p>
   </div>
   <div class='ocr_carea' id='block_1_3' title="bbox 357 985 1313 1086">
    <p class='ocr_par' dir='ltr' id='par_1_3' title="bbox 357 985 1313 1086">
     <span class='ocr_line' id='line_1_4' title="bbox 357 985 1313 1086; baseline -0.002 -22"><span class='ocrx_word' id='word_1_22' title='bbox 357 992 451 1085; x_wconf 90' lang='lat' dir='ltr'><strong>Quia</strong></span> <span class='ocrx_word' id='word_1_23' title='bbox 474 1015 551 1066; x_wconf 91' lang='lat' dir='ltr'>non</span> <span class='ocrx_word' id='word_1_24' title='bbox 575 1001 630 1064; x_wconf 83' lang='lat' dir='ltr'>est</span> <span class='ocrx_word' id='word_1_25' title='bbox 653 987 803 1064; x_wconf 81' lang='lat' dir='ltr'>obseura</span> <span class='ocrx_word' id='word_1_26' title='bbox 828 1001 888 1060; x_wconf 82' lang='lat' dir='ltr'>tua</span> <span class='ocrx_word' id='word_1_27' title='bbox 913 988 951 1059; x_wconf 91' lang='lat' dir='ltr'>in</span> <span class='ocrx_word' id='word_1_28' title='bbox 975 1013 1032 1060; x_wconf 91' lang='lat' dir='ltr'>me</span> <span class='ocrx_word' id='word_1_29' title='bbox 1051 985 1313 1086; x_wconf 83' lang='lat' dir='ltr'>benivolentia,</span> 
     </span>
    </p>
   </div>
   <div class='ocr_carea' id='block_1_4' title="bbox 306 1113 1440 1344">
    <p class='ocr_par' dir='ltr' id='par_1_4' title="bbox 306 1113 1440 1344">
     <span class='ocr_line' id='line_1_5' title="bbox 308 1113 1440 1220; baseline -0.004 -26"><span class='ocrx_word' id='word_1_30' title='bbox 308 1121 358 1194; x_wconf 85' lang='lat' dir='ltr'>sic</span> <span class='ocrx_word' id='word_1_31' title='bbox 383 1121 445 1220; x_wconf 77' lang='lat' dir='ltr'>fit,</span> <span class='ocrx_word' id='word_1_32' title='bbox 469 1131 510 1192; x_wconf 83' lang='lat' dir='ltr'>ut</span> <span class='ocrx_word' id='word_1_33' title='bbox 533 1115 636 1190; x_wconf 79' lang='lat' dir='ltr'>multi</span> <span class='ocrx_word' id='word_1_34' title='bbox 659 1142 724 1217; x_wconf 86' lang='lat' dir='ltr'>per</span> <span class='ocrx_word' id='word_1_35' title='bbox 749 1141 805 1189; x_wconf 89' lang='lat' dir='ltr'>me</span> <span class='ocrx_word' id='word_1_36' title='bbox 830 1113 895 1188; x_wconf 81' lang='lat' dir='ltr'><strong>tibi</strong></span> <span class='ocrx_word' id='word_1_37' title='bbox 920 1113 1030 1188; x_wconf 77' lang='lat' dir='ltr'>velint</span> <span class='ocrx_word' id='word_1_38' title='bbox 1060 1113 1309 1188; x_wconf 79' lang='lat' dir='ltr'>commendari.</span> <span class='ocrx_word' id='word_1_39' title='bbox 1435 1166 1440 1189; x_wconf 85' lang='lat'><strong>.</strong></span> 
     </span>
     <span class='ocr_line' id='line_1_6' title="bbox 306 1224 1439 1344; baseline -0.006 -26"><span class='ocrx_word' id='word_1_40' title='bbox 306 1247 385 1344; x_wconf 82' lang='lat' dir='ltr'>Ego</span> <span class='ocrx_word' id='word_1_41' title='bbox 412 1257 530 1318; x_wconf 84' lang='lat' dir='ltr'>autem</span> <span class='ocrx_word' id='word_1_42' title='bbox 553 1243 671 1317; x_wconf 82' lang='lat' dir='ltr'>tribuo</span> <span class='ocrx_word' id='word_1_43' title='bbox 696 1267 963 1344; x_wconf 85' lang='lat' dir='ltr'>nonnumquam</span> <span class='ocrx_word' id='word_1_44' title='bbox 987 1241 1026 1313; x_wconf 89' lang='lat' dir='ltr'>in</span> <span class='ocrx_word' id='word_1_45' title='bbox 1049 1239 1175 1340; x_wconf 80' lang='lat' dir='ltr'>vulgus</span> <span class='ocrx_word' id='word_1_46' title='bbox 1194 1257 1222 1338; x_wconf 81' lang='lat'>¹3</span> <span class='ocrx_word' id='word_1_47' title='bbox 1247 1239 1310 1312; x_wconf 82' lang='lat' dir='ltr'>sed</span> <span class='ocrx_word' id='word_1_48' title='bbox 1434 1224 1439 1285; x_wconf 65' lang='grc' dir='ltr'>ἶ</span> 
     </span>
    </p>
   </div>
   <div class='ocr_carea' id='block_1_5' title="bbox 307 1367 1310 1472">
    <p class='ocr_par' dir='ltr' id='par_1_5' title="bbox 307 1367 1310 1472">
     <span class='ocr_line' id='line_1_7' title="bbox 307 1367 1310 1472; baseline -0.006 -29"><span class='ocrx_word' id='word_1_49' title='bbox 307 1370 512 1472; x_wconf 69' lang='lat' dir='ltr'>plenumque</span> <span class='ocrx_word' id='word_1_50' title='bbox 537 1370 738 1446; x_wconf 85' lang='lat' dir='ltr'>necessariis</span> <span class='ocrx_word' id='word_1_51' title='bbox 763 1369 801 1440; x_wconf 90' lang='lat' dir='ltr'>in</span> <span class='ocrx_word' id='word_1_52' title='bbox 818 1367 887 1441; x_wconf 87' lang='lat' dir='ltr'>hoc</span> <span class='ocrx_word' id='word_1_53' title='bbox 904 1381 1064 1468; x_wconf 87' lang='lat' dir='ltr'>tempore</span> <span class='ocrx_word' id='word_1_54' title='bbox 1077 1383 1101 1438; x_wconf 85' lang='lat'>².</span> <span class='ocrx_word' id='word_1_55' title='bbox 1121 1367 1310 1439; x_wconf 78' lang='lat' dir='ltr'>Nemeum</span> 
     </span>
    </p>
   </div>
   <div class='ocr_carea' id='block_1_6' title="bbox 308 1493 1441 1598">
    <p class='ocr_par' dir='ltr' id='par_1_6' title="bbox 308 1493 1441 1598">
     <span class='ocr_line' id='line_1_8' title="bbox 308 1493 1441 1598; baseline -0.008 -26"><span class='ocrx_word' id='word_1_56' title='bbox 308 1499 350 1572; x_wconf 93' lang='lat' dir='ltr'>T.</span> <span class='ocrx_word' id='word_1_57' title='bbox 366 1499 496 1598; x_wconf 82' lang='lat' dir='ltr'><strong>Ampio</strong></span> <span class='ocrx_word' id='word_1_58' title='bbox 512 1495 652 1572; x_wconf 86' lang='lat' dir='ltr'>Balbo³</span> <span class='ocrx_word' id='word_1_59' title='bbox 679 1495 764 1569; x_wconf 91' lang='lat' dir='ltr'>mibi</span> <span class='ocrx_word' id='word_1_60' title='bbox 790 1522 922 1569; x_wconf 79' lang='lat' dir='ltr'>summu</span> <span class='ocrx_word' id='word_1_61' title='bbox 949 1493 1162 1568; x_wconf 79' lang='lat' dir='ltr'><strong>familiaritas</strong></span> <span class='ocrx_word' id='word_1_62' title='bbox 1189 1517 1308 1566; x_wconf 89' lang='lat' dir='ltr'>neces-</span> <span class='ocrx_word' id='word_1_63' title='bbox 1437 1528 1441 1539; x_wconf 95' lang='lat'>·</span> 
     </span>
    </p>
   </div>
   <div class='ocr_carea' id='block_1_7' title="bbox 308 1620 1310 1851">
    <p class='ocr_par' dir='ltr' id='par_1_7' title="bbox 308 1620 1310 1851">
     <span class='ocr_line' id='line_1_9' title="bbox 308 1620 1310 1726; baseline -0.009 -25"><span class='ocrx_word' id='word_1_64' title='bbox 308 1622 496 1726; x_wconf 82' lang='lat' dir='ltr'>situdoque</span> <span class='ocrx_word' id='word_1_65' title='bbox 521 1637 582 1698; x_wconf 77' lang='lat' dir='ltr'>est.</span> <span class='ocrx_word' id='word_1_66' title='bbox 607 1624 693 1698; x_wconf 88' lang='lat' dir='ltr'>Eius</span> <span class='ocrx_word' id='word_1_67' title='bbox 719 1621 900 1723; x_wconf 79' lang='lat' dir='ltr'>libertum,</span> <span class='ocrx_word' id='word_1_68' title='bbox 916 1622 959 1695; x_wconf 92' lang='lat' dir='ltr'>T.</span> <span class='ocrx_word' id='word_1_69' title='bbox 976 1621 1143 1721; x_wconf 84' lang='lat' dir='ltr'>Ampium</span> <span class='ocrx_word' id='word_1_70' title='bbox 1163 1620 1310 1693; x_wconf 83' lang='lat' dir='ltr'>Menen-</span> 
     </span>
     <span class='ocr_line' id='line_1_10' title="bbox 309 1748 1309 1851; baseline -0.007 -27"><span class='ocrx_word' id='word_1_71' title='bbox 309 1751 427 1851; x_wconf 83' lang='lat' dir='ltr'>drum,</span> <span class='ocrx_word' id='word_1_72' title='bbox 451 1749 631 1824; x_wconf 81' lang='lat' dir='ltr'>homiuem</span> <span class='ocrx_word' id='word_1_73' title='bbox 657 1749 774 1849; x_wconf 66' lang='lat' dir='ltr'>Irugid</span> <span class='ocrx_word' id='word_1_74' title='bbox 799 1763 836 1822; x_wconf 78' lang='lat' dir='ltr'>et</span> <span class='ocrx_word' id='word_1_75' title='bbox 859 1748 1079 1848; x_wconf 79' lang='lat' dir='ltr'>modestum,</span> <span class='ocrx_word' id='word_1_76' title='bbox 1097 1760 1134 1820; x_wconf 83' lang='lat' dir='ltr'>et</span> <span class='ocrx_word' id='word_1_77' title='bbox 1158 1759 1309 1846; x_wconf 80' lang='lat' dir='ltr'>patrono</span> 
     </span>
    </p>
   </div>
   <div class='ocr_carea' id='block_1_8' title="bbox 309 1866 1444 1976">
    <p class='ocr_par' dir='ltr' id='par_1_8' title="bbox 309 1866 1444 1976">
     <span class='ocr_line' id='line_1_11' title="bbox 309 1866 1444 1976; baseline -0.007 -26"><span class='ocrx_word' id='word_1_78' title='bbox 309 1891 345 1950; x_wconf 79' lang='lat' dir='ltr'>et</span> <span class='ocrx_word' id='word_1_79' title='bbox 369 1876 472 1950; x_wconf 89' lang='lat' dir='ltr'>nobis</span> <span class='ocrx_word' id='word_1_80' title='bbox 490 1866 731 1950; x_wconf 58' lang='lat' dir='ltr'>‘vehementer</span> <span class='ocrx_word' id='word_1_81' title='bbox 763 1876 973 1976; x_wconf 81' lang='lat' dir='ltr'>probatum,</span> <span class='ocrx_word' id='word_1_82' title='bbox 1006 1873 1071 1947; x_wconf 85' lang='lat' dir='ltr'><strong>tihi</strong></span> <span class='ocrx_word' id='word_1_83' title='bbox 1099 1871 1309 1947; x_wconf 87' lang='lat' dir='ltr'>commendo</span> <span class='ocrx_word' id='word_1_84' title='bbox 1443 1943 1444 1965; x_wconf 14' lang='grc' dir='ltr'>χ</span> 
     </span>
    </p>
   </div>
   <div class='ocr_carea' id='block_1_9' title="bbox 308 1997 1311 2487">
    <p class='ocr_par' dir='ltr' id='par_1_9' title="bbox 308 1970 1442 2487">
     <span class='ocr_line' id='line_1_12' title="bbox 308 1997 1311 2098; baseline -0.005 -24"><span class='ocrx_word' id='word_1_85' title='bbox 308 2003 479 2075; x_wconf 85' lang='lat' dir='ltr'>maiorem</span> <span class='ocrx_word' id='word_1_86' title='bbox 503 2004 541 2076; x_wconf 92' lang='lat' dir='ltr'>in</span> <span class='ocrx_word' id='word_1_87' title='bbox 565 2003 721 2076; x_wconf 90' lang='lat' dir='ltr'>modum.</span> <span class='ocrx_word' id='word_1_88' title='bbox 739 2003 978 2076; x_wconf 78' lang='lat' dir='ltr'>Vehementer</span> <span class='ocrx_word' id='word_1_89' title='bbox 999 1999 1088 2074; x_wconf 88' lang='lat' dir='ltr'>mihi</span> <span class='ocrx_word' id='word_1_90' title='bbox 1113 2013 1250 2098; x_wconf 84' lang='lat' dir='ltr'>gratum</span> <span class='ocrx_word' id='word_1_91' title='bbox 1266 1997 1311 2070; x_wconf 89' lang='lat' dir='ltr'>Ie·</span> 
     </span>
     <span class='ocr_line' id='line_1_13' title="bbox 311 2125 1311 2230; baseline -0.004 -30"><span class='ocrx_word' id='word_1_92' title='bbox 311 2128 422 2227; x_wconf 85' lang='lat' dir='ltr'>ceris,</span> <span class='ocrx_word' id='word_1_93' title='bbox 447 2130 493 2228; x_wconf 84' lang='lat' dir='ltr'>si,</span> <span class='ocrx_word' id='word_1_94' title='bbox 519 2128 797 2230; x_wconf 90' lang='lat' dir='ltr'>quibuscumque</span> <span class='ocrx_word' id='word_1_95' title='bbox 829 2129 933 2204; x_wconf 85' lang='lat' dir='ltr'>rebus</span> <span class='ocrx_word' id='word_1_96' title='bbox 967 2129 1042 2203; x_wconf 86' lang='lat' dir='ltr'>sine</span> <span class='ocrx_word' id='word_1_97' title='bbox 1068 2141 1128 2200; x_wconf 82' lang='lat' dir='ltr'>tua</span> <span class='ocrx_word' id='word_1_98' title='bbox 1151 2125 1311 2200; x_wconf 77' lang='lat' dir='ltr'>molestia</span> 
     </span>
     <span class='ocr_line' id='line_1_14' title="bbox 310 2254 1310 2358; baseline -0.004 -31"><span class='ocrx_word' id='word_1_99' title='bbox 310 2258 462 2358; x_wconf 81' lang='lat' dir='ltr'>poteris,</span> <span class='ocrx_word' id='word_1_100' title='bbox 488 2256 521 2330; x_wconf 86' lang='lat' dir='ltr'>ei</span> <span class='ocrx_word' id='word_1_101' title='bbox 547 2255 782 2331; x_wconf 84' lang='lat' dir='ltr'>commodaris</span> <span class='ocrx_word' id='word_1_102' title='bbox 800 2258 825 2328; x_wconf 85' lang='lat'>⁵.</span> <span class='ocrx_word' id='word_1_103' title='bbox 852 2254 959 2349; x_wconf 89' lang='lat' dir='ltr'>Quod</span> <span class='ocrx_word' id='word_1_104' title='bbox 984 2269 1025 2328; x_wconf 82' lang='lat' dir='ltr'>ut</span> <span class='ocrx_word' id='word_1_105' title='bbox 1048 2255 1171 2352; x_wconf 79' lang='lat' dir='ltr'><strong>facias,</strong></span> <span class='ocrx_word' id='word_1_106' title='bbox 1197 2267 1232 2327; x_wconf 75' lang='lat' dir='ltr'>Ie</span> <span class='ocrx_word' id='word_1_107' title='bbox 1256 2276 1310 2323; x_wconf 87' lang='lat' dir='ltr'>ve·</span> 
     </span>
     <span class='ocr_line' id='line_1_15' title="bbox 309 2379 1135 2487; baseline -0.001 -34"><span class='ocrx_word' id='word_1_108' title='bbox 309 2379 493 2458; x_wconf 87' lang='lat' dir='ltr'>hementer</span> <span class='ocrx_word' id='word_1_109' title='bbox 518 2384 625 2458; x_wconf 83' lang='lat' dir='ltr'>etiam</span> <span class='ocrx_word' id='word_1_110' title='bbox 652 2398 757 2487; x_wconf 84' lang='lat' dir='ltr'>atque</span> <span class='ocrx_word' id='word_1_111' title='bbox 782 2383 890 2457; x_wconf 80' lang='lat' dir='ltr'>etiam</span> <span class='ocrx_word' id='word_1_112' title='bbox 915 2407 1011 2481; x_wconf 83' lang='lat' dir='ltr'>rogo.</span> <span class='ocrx_word' id='word_1_113' title='bbox 1035 2380 1135 2454; x_wconf 84' lang='lat' dir='ltr'>Vale.</span> 
     </span>
    </p>
   </div>
   <div class='ocr_carea' id='block_1_10' title="bbox 758 2639 1288 2734">
    <p class='ocr_par' dir='ltr' id='par_1_10' title="bbox 758 2639 1288 2734">
     <span class='ocr_line' id='line_1_16' title="bbox 758 2639 1288 2734; baseline -0.017 -6"><span class='ocrx_word' id='word_1_114' title='bbox 758 2639 874 2728; x_wconf 73' lang='lat' dir='ltr'>DXH·</span> <span class='ocrx_word' id='word_1_115' title='bbox 1022 2677 1076 2734; x_wconf 66' lang='lat' dir='ltr'>(Aa</span> <span class='ocrx_word' id='word_1_116' title='bbox 1090 2677 1142 2724; x_wconf 79' lang='lat' dir='ltr'>mv.</span> <span class='ocrx_word' id='word_1_117' title='bbox 1158 2671 1230 2733; x_wconf 81' lang='lat' dir='ltr'>xm,</span> <span class='ocrx_word' id='word_1_118' title='bbox 1244 2673 1288 2732; x_wconf 73' lang='lat'>71)</span> 
     </span>
    </p>
   </div>
   <div class='ocr_carea' id='block_1_11' title="bbox 311 2811 1307 2896">
    <p class='ocr_par' dir='ltr' id='par_1_11' title="bbox 311 2811 1307 2896">
     <span class='ocr_line' id='line_1_17' title="bbox 311 2811 1307 2896; baseline -0.006 -22"><span class='ocrx_word' id='word_1_119' title='bbox 311 2811 529 2892; x_wconf 70' lang='lat' dir='ltr'>Argumentum</span> <span class='ocrx_word' id='word_1_120' title='bbox 552 2815 752 2876; x_wconf 78' lang='lat' dir='ltr'>Commendat</span> <span class='ocrx_word' id='word_1_121' title='bbox 772 2818 808 2876; x_wconf 89' lang='grc' dir='ltr'>Τ.</span> <span class='ocrx_word' id='word_1_122' title='bbox 831 2817 995 2896; x_wconf 81' lang='lat' dir='ltr'>Agusium,</span> <span class='ocrx_word' id='word_1_123' title='bbox 1019 2823 1150 2874; x_wconf 80' lang='lat' dir='ltr'>veterem</span> <span class='ocrx_word' id='word_1_124' title='bbox 1171 2813 1307 2870; x_wconf 80' lang='lat' dir='ltr'>amicum.</span> 
     </span>
    </p>
   </div>
   <div class='ocr_carea' id='block_1_12' title="bbox 580 3019 1042 3074">
    <p class='ocr_par' dir='ltr' id='par_1_12' title="bbox 580 3019 1042 3074">
     <span class='ocr_line' id='line_1_18' title="bbox 580 3019 1042 3074; baseline -0.004 -2"><span class='ocrx_word' id='word_1_125' title='bbox 580 3019 634 3074; x_wconf 82' lang='lat' dir='ltr'>Ser.</span> <span class='ocrx_word' id='word_1_126' title='bbox 652 3022 747 3074; x_wconf 78' lang='lat' dir='ltr'>Romae</span> <span class='ocrx_word' id='word_1_127' title='bbox 766 3024 797 3072; x_wconf 83' lang='grc' dir='ltr'>Α.</span> <span class='ocrx_word' id='word_1_128' title='bbox 812 3021 845 3074; x_wconf 84' lang='lat' dir='ltr'>V.</span> <span class='ocrx_word' id='word_1_129' title='bbox 864 3019 894 3074; x_wconf 85' lang='lat' dir='ltr'>C.</span> <span class='ocrx_word' id='word_1_130' title='bbox 914 3019 1042 3074; x_wconf 86' lang='lat' dir='ltr'>OCCVII.</span> 
     </span>
    </p>
   </div>
   <div class='ocr_carea' id='block_1_13' title="bbox 389 3189 1235 3259">
    <p class='ocr_par' dir='ltr' id='par_1_13' title="bbox 389 3189 1235 3259">
     <span class='ocr_line' id='line_1_19' title="bbox 389 3189 1235 3259; baseline -0.007 -1"><span class='ocrx_word' id='word_1_131' title='bbox 389 3191 433 3259; x_wconf 83' lang='lat' dir='ltr'>M.</span> <span class='ocrx_word' id='word_1_132' title='bbox 450 3193 486 3257; x_wconf 90' lang='lat' dir='ltr'>T.</span> <span class='ocrx_word' id='word_1_133' title='bbox 504 3190 649 3258; x_wconf 82' lang='lat' dir='ltr'>CICERO</span> <span class='ocrx_word' id='word_1_134' title='bbox 666 3191 700 3257; x_wconf 92' lang='lat' dir='ltr'>P.</span> <span class='ocrx_word' id='word_1_135' title='bbox 717 3193 902 3258; x_wconf 85' lang='lat' dir='ltr'>SERVILIO</span> <span class='ocrx_word' id='word_1_136' title='bbox 919 3189 1133 3258; x_wconf 83' lang='lat' dir='ltr'>COLLEGdE</span> <span class='ocrx_word' id='word_1_137' title='bbox 1151 3191 1182 3255; x_wconf 91' lang='lat' dir='ltr'>S.</span> <span class='ocrx_word' id='word_1_138' title='bbox 1197 3189 1235 3254; x_wconf 89' lang='lat' dir='ltr'>D.</span> 
     </span>
    </p>
   </div>
   <div class='ocr_carea' id='block_1_14' title="bbox 310 3376 1307 3987">
    <p class='ocr_par' dir='ltr' id='par_1_14' title="bbox 310 3376 1307 3987">
     <span class='ocr_line' id='line_1_20' title="bbox 360 3376 1304 3481; baseline -0.005 -26"><span class='ocrx_word' id='word_1_139' title='bbox 360 3380 492 3455; x_wconf 80' lang='lat' dir='ltr'>Multos</span> <span class='ocrx_word' id='word_1_140' title='bbox 517 3381 582 3456; x_wconf 87' lang='lat' dir='ltr'>tibi</span> <span class='ocrx_word' id='word_1_141' title='bbox 607 3381 854 3459; x_wconf 87' lang='lat' dir='ltr'>commendem</span> <span class='ocrx_word' id='word_1_142' title='bbox 880 3405 1022 3456; x_wconf 85' lang='lat' dir='ltr'>necesse</span> <span class='ocrx_word' id='word_1_143' title='bbox 1048 3393 1118 3481; x_wconf 77' lang='lat' dir='ltr'>est,</span> <span class='ocrx_word' id='word_1_144' title='bbox 1137 3376 1304 3481; x_wconf 84' lang='lat' dir='ltr'>quand0¹</span> 
     </span>
     <span class='ocr_line' id='line_1_21' title="bbox 311 3507 1305 3608; baseline -0.005 -27"><span class='ocrx_word' id='word_1_145' title='bbox 311 3507 474 3582; x_wconf 87' lang='lat' dir='ltr'>omnihus</span> <span class='ocrx_word' id='word_1_146' title='bbox 499 3523 584 3583; x_wconf 74' lang='lat' dir='ltr'>nota</span> <span class='ocrx_word' id='word_1_147' title='bbox 609 3523 729 3585; x_wconf 80' lang='lat' dir='ltr'>nostra</span> <span class='ocrx_word' id='word_1_148' title='bbox 755 3507 978 3583; x_wconf 75' lang='lat' dir='ltr'>necessitudo</span> <span class='ocrx_word' id='word_1_149' title='bbox 996 3520 1066 3606; x_wconf 84' lang='lat' dir='ltr'>est,</span> <span class='ocrx_word' id='word_1_150' title='bbox 1083 3519 1214 3608; x_wconf 84' lang='lat' dir='ltr'>tuaque</span> <span class='ocrx_word' id='word_1_151' title='bbox 1231 3527 1305 3602; x_wconf 83' lang='lat' dir='ltr'>erga</span> 
     </span>
     <span class='ocr_line' id='line_1_22' title="bbox 311 3633 1305 3727; baseline -0.007 -17"><span class='ocrx_word' id='word_1_152' title='bbox 311 3661 368 3710; x_wconf 86' lang='lat' dir='ltr'>me</span> <span class='ocrx_word' id='word_1_153' title='bbox 392 3635 639 3711; x_wconf 84' lang='lat' dir='ltr'>benivolentia.</span> <span class='ocrx_word' id='word_1_154' title='bbox 669 3635 740 3710; x_wconf 90' lang='lat' dir='ltr'>Sed</span> <span class='ocrx_word' id='word_1_155' title='bbox 764 3650 883 3708; x_wconf 85' lang='lat' dir='ltr'>tamen</span> <span class='ocrx_word' id='word_1_156' title='bbox 908 3637 974 3708; x_wconf 76' lang='lat' dir='ltr'>etsi</span> <span class='ocrx_word' id='word_1_157' title='bbox 999 3633 1159 3708; x_wconf 92' lang='lat' dir='ltr'>omnium</span> <span class='ocrx_word' id='word_1_158' title='bbox 1184 3656 1305 3727; x_wconf 78' lang='lat' dir='ltr'>causa,</span> 
     </span>
     <span class='ocr_line' id='line_1_23' title="bbox 312 3757 1307 3864; baseline -0.003 -30"><span class='ocrx_word' id='word_1_159' title='bbox 312 3788 401 3862; x_wconf 83' lang='lat' dir='ltr'>quos</span> <span class='ocrx_word' id='word_1_160' title='bbox 426 3763 657 3864; x_wconf 87' lang='lat' dir='ltr'>commendo,</span> <span class='ocrx_word' id='word_1_161' title='bbox 682 3761 772 3839; x_wconf 85' lang='lat' dir='ltr'>veIIe</span> <span class='ocrx_word' id='word_1_162' title='bbox 799 3761 927 3863; x_wconf 83' lang='lat' dir='ltr'>debe03</span> <span class='ocrx_word' id='word_1_163' title='bbox 952 3777 1070 3836; x_wconf 76' lang='lat' dir='ltr'>tamen</span> <span class='ocrx_word' id='word_1_164' title='bbox 1096 3787 1178 3834; x_wconf 90' lang='lat' dir='ltr'>cum</span> <span class='ocrx_word' id='word_1_165' title='bbox 1203 3757 1307 3833; x_wconf 90' lang='lat' dir='ltr'>omni-</span> 
     </span>
     <span class='ocr_line' id='line_1_24' title="bbox 310 3887 1307 3987; baseline -0.006 -27"><span class='ocrx_word' id='word_1_166' title='bbox 310 3887 376 3961; x_wconf 87' lang='lat' dir='ltr'>bus</span> <span class='ocrx_word' id='word_1_167' title='bbox 409 3915 482 3964; x_wconf 92' lang='lat' dir='ltr'>non</span> <span class='ocrx_word' id='word_1_168' title='bbox 518 3891 641 3966; x_wconf 85' lang='lat' dir='ltr'>eadem</span> <span class='ocrx_word' id='word_1_169' title='bbox 673 3889 757 3964; x_wconf 92' lang='lat' dir='ltr'>mihi</span> <span class='ocrx_word' id='word_1_170' title='bbox 792 3917 895 3964; x_wconf 84' lang='lat' dir='ltr'>eausa</span> <span class='ocrx_word' id='word_1_171' title='bbox 928 3903 989 3964; x_wconf 84' lang='lat' dir='ltr'>est.</span> <span class='ocrx_word' id='word_1_172' title='bbox 1022 3889 1064 3962; x_wconf 88' lang='lat' dir='ltr'>T.</span> <span class='ocrx_word' id='word_1_173' title='bbox 1093 3887 1245 3987; x_wconf 82' lang='lat' dir='ltr'>Agusius</span> <span class='ocrx_word' id='word_1_174' title='bbox 1275 3895 1307 3955; x_wconf 87' lang='lat' dir='ltr'>et</span> 
     </span>
    </p>
   </div>
   <div class='ocr_carea' id='block_1_15' title="bbox 0 0 1464 4962">
    <p class='ocr_par' dir='ltr' id='par_1_15' title="bbox 0 0 1464 4962">
     <span class='ocr_line' id='line_1_25' title="bbox 0 0 1464 4962; baseline 0 0"><span class='ocrx_word' id='word_1_175' title='bbox 0 0 1464 4962; x_wconf 95' lang='lat' dir='ltr'> </span> 
     </span>
    </p>
   </div>
  </div>
 </body>
</html>
