2910 4962
536 322 573 370 ιιι
599 319 786 370 ιιιετοιιι
1090 297 1165 396 409

197 425 265 510 (ep.
286 421 367 507 CLI,
387 423 440 507 3),
458 424 627 507 privaretur
645 444 664 482 a
683 422 881 502 Caesarianis,
905 432 1064 506 propterea
1079 421 1164 506 quod

193 543 277 596 esset
296 552 366 594 cum
384 531 537 614 Pompeio.
557 530 635 595 Vide
655 530 770 592 Manut.

156 662 178 726 9
199 641 298 725 Aliqui
323 650 394 702 vett
424 638 560 702 absolute
589 637 689 723 quadr
715 641 813 700 miuus
839 655 989 722 congrue3
1015 647 1163 720 repugnat

197 751 278 810 enim
298 747 489 831 sapientibus
509 746 536 808 si
556 743 646 808 modo
666 744 748 833 pffici
763 758 874 828 potest,
887 765 966 830 quae
979 741 1162 805 incertitudi-

197 877 269 918 nem
289 855 428 918 iudicant.
566 880 568 886 ’

162 983 198 1023 ιο
218 963 345 1024 Praeter
365 973 480 1024 ceteros
499 961 705 1046 Pompeianos.
725 961 843 1023 Schiitz.

161 1090 194 1130 ιι
217 1069 470 1156 procuratoribus
489 1069 664 1154 Epiroticis,
684 1079 719 1130 ut
738 1090 758 1130 a
777 1068 892 1150 villi003
912 1088 959 1152 ep.
980 1063 1161 1145 fluvium

203 1175 329 1239 Corrad.
349 1178 411 1238 Pro
431 1176 495 1237 H-S
517 1197 570 1239 m
590 1179 684 1238 estin
702 1174 761 1236 cod
775 1174 876 1238 Ambr.
898 1185 929 1236 et
948 1171 1016 1234 edd.
1030 1173 1117 1233 Rom.
1132 1181 1163 1231 et

198 1285 274 1344 iens.
297 1283 364 1344 H-S
385 1305 430 1346 xx.
452 1285 534 1348 Tum
554 1283 693 1369 profuit
714 1283 746 1346 A
764 1285 839 1358 mis,
858 1281 973 1344 eadam.
999 1281 1086 1342 Rom.
1098 1278 1163 1362 fisis

196 1392 283 1452 citius
302 1403 331 1452 et
348 1414 543 1456 nummorum.
632 1443 635 1449 ,

160 1518 195 1558 ra
217 1498 292 1562 Coti
313 1499 416 1561 Ambr.
438 1511 468 1562 et
487 1500 535 1562 ed.
556 1501 643 1562 Rom.
663 1500 745 1562 dices
764 1501 810 1562 vei
827 1520 893 1572 mes
914 1497 1006 1579 vulgo
1025 1495 1106 1560 dices
1122 1494 1160 1554 iis

196 1628 253 1670 me.
267 1607 381 1670 Vocem
396 1609 434 1670 iis
448 1608 557 1671 delevit
569 1607 731 1672 Ernestim.
744 1609 817 1674 Mox
831 1607 878 1674 eu
891 1607 966 1672 lens.
981 1625 1033 1670 eas
1044 1605 1159 1668 vitm-se.

524 1847 795 1912 ccctxxxvlu

159 2055 170 2094 ι
195 2034 302 2112 Quum
324 2035 395 2097 dicit
403 2033 520 2118 sitisse,
541 2058 602 2098 noa
621 2060 703 2112 esse,
724 2035 885 2121 signifieat,
912 2035 1080 2096 confectum
1100 2035 1160 2096 iam

194 2163 260 2204 esse
287 2123 400 2204 betium
431 2141 631 2228 Hispanicum.
657 2145 727 2206 Vid.
753 2167 798 2228 ep.
825 2165 885 2228 seq.
906 2141 994 2206 Ami.
1020 2141 1055 2202 13
1082 2139 1160 2222 Ego

193 2271 231 2311 me
241 2252 343 2334 patim
359 2250 513 2336 proficisci
524 2255 555 2312 in
567 2253 755 2336 Hispam'am
764 2253 895 2335 fuisset,
914 2273 1009 2336 quom
1028 2251 1160 2312 Formiis

192 2380 273 2432 esse,
293 2373 361 2420 cute
380 2379 474 2444 quam
493 2373 541 2432 tus
560 2362 696 2442 proxime
721 2360 762 2422 illi
788 2360 854 2420 cosi
880 2357 915 2420 15
936 2358 1014 2440 Ego
1039 2381 1076 2420 ne
1098 2379 1159 2444 po-

193 2465 253 2526 sius
271 2465 350 2548 profi
365 2465 397 2526 in
408 2466 501 2550 Hisp.
511 2465 639 2549 suisset,
659 2488 754 2552 pisam
773 2468 931 2541 Formias,
951 2479 1112 2550 antequam
1128 2478 1160 2528 tu

190 2571 339 2656 profectus
351 2597 430 2636 esses
442 2573 489 2638 ad
498 2575 604 2660 Pomp.
625 2575 790 2638 Lambinus
799 2574 900 2658 fuisse
918 2593 1012 2659 quam
1024 2573 1158 2634 Formiis

191 2693 254 2740 mm
273 2702 366 2764 qurum
385 2695 417 2744 tu
438 2682 587 2767 profectus
608 2705 644 2744 as
668 2682 715 2744 ad
732 2685 837 2767 Pomp.
863 2681 938 2744 Cod.
957 2683 1029 2746 lieo
1044 2679 1158 2764 suisset

191 2788 324 2850 Formiis
344 2811 407 2852 esse
426 2804 588 2876 antequam
606 2804 637 2852 tu
654 2790 749 2876 μισῇς
769 2791 818 2854 alii
838 2790 931 2854 aliter.

152 2915 171 2955 a
192 2894 304 2958 Sensus
323 2908 381 2959 est:
397 2900 510 2960 utinam
524 2901 638 2983 Appius
650 2903 681 2960 iu
694 2902 748 2962 ista
760 2910 862 2983 parte,
874 2899 983 2962 scilicet
994 2908 1092 2960 vestm
1104 2908 1158 2961 aut

190 3002 392 3088 Pompeiana,
412 3017 465 3067 aut
483 3007 575 3070 Curio
595 3009 626 3068 in
646 3007 702 3072 hae
715 3007 892 3072 Caesariana
906 3007 979 3070 illud
991 3007 1159 3094 prohibuis-

191 3121 250 3192 set,
265 3111 388 3196 scilieet,
400 3118 560 3197 quominus
570 3117 600 3178 iu
611 3115 782 3201 Hispaniam
792 3115 1004 3200 proficiscerer.
1019 3116 1064 3178 tu
1076 3115 1158 3179 huno

191 3216 294 3280 lourm
307 3219 381 3281 mihi
395 3220 583 3306 videorposse
604 3223 761 3307 explanare
771 3247 808 3287 ex
822 3248 868 3310 ep
884 3225 1085 3290 ccctxvll:
1104 3226 1158 3288 Me

191 3347 291 3386 recum
305 3329 337 3388 in
348 3327 537 3412 Hispaniam
548 3331 632 3392 discit
635 3355 647 3406 ‚·
666 3330 751 3414 quod
764 3334 824 3394 misi
841 3347 918 3396 asset
928 3367 970 3378 -
982 3333 1158 3420 utrumque

187 3451 286 3508 esses,
312 3433 359 3495 ad
376 3448 404 3498 te
420 3438 641 3520 percurrissem
661 3440 701 3500 At
719 3459 781 3502 nou
805 3439 884 3502 male
904 3441 1033 3506 Rutilius
1052 3465 1156 3508 emen-

189 3537 297 3602 dabat:
319 3542 404 3626 quod
421 3547 536 3606 misam
554 3559 607 3606 aru
626 3543 686 3629 Ap.
711 3544 754 3608 ct
774 3565 821 3608 me
843 3547 875 3608 irs
901 3549 960 3610 ista
979 3549 992 3634 (
1002 3553 1156 3633 corrigen-

188 3645 265 3708 dum
292 3650 401 3710 iterum
428 3651 509 3734 isac)
529 3667 616 3736 parte
641 3675 705 3714 esse
727 3654 932 3736 prohibuisset
953 3656 1057 3740 Aeque
1082 3679 1156 3720 con·

191 3773 301 3833 ffuum
322 3776 441 3818 sensum
462 3758 584 3822 exhibet
603 3759 690 3822 lectio
710 3759 917 3849 Lambiniana,
937 3775 968 3830 et
984 3765 1155 3828 Victoriana

189 3861 311 3924 minime
331 3865 565 3950 contemnenda,
585 3867 689 3930 ordine
714 3867 783 3932 licet
806 3891 844 3936 ao
862 3868 961 3936 verbis
985 3872 1088 3959 paullo
1108 3871 1155 3936 di-
