2898 4956
327 441 395 533 240
644 459 813 506 errarunt
841 459 985 505 enixus.
1103 455 1131 504 a.
1153 457 1184 503 v.
1203 459 1231 504 e.
1251 471 1300 518 7⁰⁷

462 687 515 740 su.
535 687 629 740 noman
649 688 678 738 r.
697 685 731 737 v.
750 687 778 737 c.
800 685 933 754 nccvu,
953 685 989 736 n.
1006 685 1067 736 aare.
1085 684 1181 737 ouon

416 880 461 944 M.
486 879 521 942 T.
546 877 690 942 CICERO
716 877 749 939 P.
773 873 934 941 NlGlDIO
959 873 1109 940 fluvio
1134 875 1165 938 S.
1190 877 1229 938 u.

377 1099 389 1144 r
408 1068 600 1162 Quaerenti
616 1065 703 1140 ruihi
721 1063 867 1163 iamdiu,
888 1064 974 1166 quid
989 1063 1033 1136 ad
1052 1077 1086 1138 te
1101 1065 1326 1166 potissimum

322 1195 526 1296 scriberem,
549 1219 622 1268 non
647 1192 756 1266 modo
782 1204 876 1266 certa
900 1217 954 1266 res
971 1190 1066 1264 nulla
1082 1207 1106 1290 ¹,
1121 1191 1186 1266 sed
1203 1217 1249 1266 ue
1267 1219 1327 1292 ge·

323 1351 388 1398 nus
413 1322 556 1424 quidem
580 1321 777 1420 literarum,
801 1319 968 1392 usitatum
986 1315 1150 1391 veniebat
1170 1319 1208 1391 in
1225 1345 1326 1394 men·-

322 1465 403 1522 tem.
414 1449 533 1520 Vnam
549 1447 644 1521 enim
661 1459 797 1547 partem
810 1461 826 1494 ²
841 1459 878 1518 et
894 1444 1186 1518 consuetudinem
1203 1469 1325 1520 earum

321 1574 567 1676 epistolarum,
600 1573 747 1676 quibus,
772 1570 935 1646 secundis
962 1571 1082 1671 rebus,
1108 1572 1161 1644 uti
1187 1571 1326 1646 soleba-

321 1727 417 1800 mus,
442 1714 581 1802 tempus
606 1701 797 1800 eripuerat3
823 1697 1084 1802 perfeceratque
1101 1697 1242 1772 fortuna
1250 1755 1261 1799 ,
1282 1726 1326 1772 ne

323 1826 408 1930 quid
434 1825 531 1900 tale³
549 1826 700 1902 scrihere
726 1851 885 1928 possem,
910 1839 971 1900 aut
996 1825 1141 1899 omuino
1159 1826 1324 1926 cogitare.

322 1952 594 2055 Relinquebatur
619 1954 717 2026 triste
743 1952 924 2055 quoddam
949 1966 987 2026 et
1010 1951 1325 2051 miseramente

322 2078 539 2179 temporibus
555 2092 830 2153 cousentaneum
849 2104 957 2178 genus
974 2077 1162 2154 literarum.
1181 2077 1226 2154 Id
1237 2103 1325 2180 quo-

321 2231 389 2308 que
414 2204 601 2280 deficiebat
622 2231 697 2304 me;
721 2207 759 2278 in
784 2229 856 2306 quo
873 2203 1054 2278 dehebatt
1072 2229 1148 2278 esse
1165 2219 1229 2278 aut
1245 2231 1325 2306 pro·

319 2333 441 2408 missio
466 2331 584 2406 auxilii
609 2331 771 2432 alicuius,
796 2346 858 2406 aut
882 2329 1079 2417 consolatio
1105 2329 1238 2405 doloris
1264 2332 1323 2404 tui.
1440 2405 1441 2442 p

320 2459 461 2556 Quod⁵
487 2459 686 2563 pollicerer,
714 2485 787 2535 non
812 2471 896 2534 erat
922 2461 1004 2561 Ipse
1030 2459 1125 2533 enim
1150 2459 1229 2560 pari
1255 2457 1324 2533 for-

321 2601 405 2662 tuna
431 2585 587 2662 abiectus
599 2592 626 2688 ⁶,
642 2586 790 2662 aliorum
808 2585 936 2690 opibus
953 2613 1054 2661 casus
1071 2612 1169 2661 meos
1186 2599 1324 2661 susten·

322 2714 440 2789 tabam
454 2734 480 2811 ⁷,
504 2717 713 2816 saepiusque
731 2714 817 2788 milri
835 2713 999 2788 veniebat
1015 2716 1052 2788 in
1070 2727 1224 2787 mentem
1243 2739 1325 2818 que-

322 2838 365 2934 ri,
378 2838 474 2939 quod
490 2841 538 2912 ita
559 2841 727 2938 viverem,
744 2866 849 2941 quam
868 2839 1028 2939 gaudere,
1042 2839 1139 2942 quod
1156 2841 1322 2913 viverem.

322 2966 546 3066 Quamquam
563 2965 656 3036 euim
675 2965 768 3038 nulla
795 2993 851 3040 me
876 2968 992 3066 ipsum
1018 2967 1185 3068 privatim
1209 2992 1323 3067 pepu-

320 3089 389 3164 lit8
414 3091 558 3190 insignis
583 3091 725 3191 iniuria,
749 3117 816 3164 nee
840 3093 926 3165 milri
952 3095 1140 3195 quicquam
1157 3091 1220 3166 tali
1240 3107 1323 3166 tem·

320 3242 407 3319 pore
422 3216 459 3290 in
476 3231 630 3291 mentem
648 3219 745 3292 venit
760 3231 898 3320 optare,
915 3219 1013 3322 quod
1030 3245 1103 3294 non
1120 3219 1214 3295 ultro
1236 3218 1322 3293 mihi

320 3347 448 3418 Caesar
473 3343 649 3444 detulerit3
672 3359 791 3418 tamen
815 3345 1070 3420 nihilominus⁹
1087 3347 1135 3420 eis
1153 3347 1323 3420 conficior

320 3471 433 3569 euris,
458 3485 497 3544 ut
522 3473 658 3572 ipsum,
683 3471 780 3574 quod
806 3499 964 3545 murteam
991 3473 1028 3546 iu
1055 3474 1147 3571 vita,
1172 3497 1320 3573 peceare

319 3623 374 3670 rue
400 3598 602 3672 existimem.
636 3599 748 3674 Careo
782 3601 874 3670 enim
907 3625 1015 3701 quum
1048 3597 1320 3674 familiarissimis

318 3723 452 3823 multis,
477 3751 566 3827 quos
591 3739 652 3800 aut
676 3751 771 3801 mers
797 3727 925 3826 eripuit
957 3725 1081 3824 nobis,
1107 3739 1168 3802 aut
1194 3725 1317 3800 distra-

321 3849 371 3919 xit
395 3849 474 3949 suga
489 3867 529 3950 ¹⁰,
555 3865 630 3926 tum
655 3851 818 3928 omnibus
845 3854 984 3953 amicis,
1010 3877 1160 3956 quorum
1175 3850 1317 3926 benivo-

320 3969 461 4050 lentiam
487 3977 590 4054 nobis
616 3979 818 4058 conciliarat
843 4007 907 4083 per
923 4007 980 4058 me
998 3975 1194 4086 quondam,
1211 3992 1246 4056 te
1262 4001 1315 4053 so·
1436 4049 1437 4054 ,
