<?xml version="1.0" encoding="UTF-8"?>
<!DOCTYPE html PUBLIC "-//W3C//DTD XHTML 1.0 Transitional//EN"
    "http://www.w3.org/TR/xhtml1/DTD/xhtml1-transitional.dtd">
<html xmlns="http://www.w3.org/1999/xhtml" xml:lang="en" lang="en">
 <head>
  <title>
</title>
<meta http-equiv="Content-Type" content="text/html;charset=utf-8" />
  <meta name='ocr-system' content='tesseract 3.04.00' />
  <meta name='ocr-capabilities' content='ocr_page ocr_carea ocr_par ocr_line ocrx_word'/>
</head>
<body>
  <div class='ocr_page' id='page_1' title='image "./mtulliiciceroni66cicegoog/mtulliiciceroni66cicegoog_0033.png"; bbox 0 0 2864 4950; ppageno 0'>
   <div class='ocr_carea' id='block_1_1' title="bbox 267 397 1333 763">
    <p class='ocr_par' dir='ltr' id='par_1_1' title="bbox 267 397 1333 763">
     <span class='ocr_line' id='line_1_1' title="bbox 336 397 1306 520; baseline -0.004 -10"><span class='ocrx_word' id='word_1_1' title='bbox 336 437 385 510; x_wconf 83' lang='lat'>26</span> <span class='ocrx_word' id='word_1_2' title='bbox 468 397 471 405; x_wconf 20' lang='grc' dir='ltr'>ι</span> <span class='ocrx_word' id='word_1_3' title='bbox 651 456 822 509; x_wconf 76' lang='lat' dir='ltr'>retenone</span> <span class='ocrx_word' id='word_1_4' title='bbox 847 459 1005 508; x_wconf 79' lang='lat' dir='ltr'>coaxant.</span> <span class='ocrx_word' id='word_1_5' title='bbox 1109 456 1139 506; x_wconf 77' lang='grc' dir='ltr'>Α.</span> <span class='ocrx_word' id='word_1_6' title='bbox 1157 459 1192 508; x_wconf 82' lang='lat' dir='ltr'>v.</span> <span class='ocrx_word' id='word_1_7' title='bbox 1211 459 1239 506; x_wconf 88' lang='lat' dir='ltr'>o.</span> <span class='ocrx_word' id='word_1_8' title='bbox 1258 460 1306 520; x_wconf 67' lang='grc' dir='ltr'>με</span> 
     </span>
     <span class='ocr_line' id='line_1_2' title="bbox 267 554 1333 664; baseline 0 -28"><span class='ocrx_word' id='word_1_9' title='bbox 267 622 282 646; x_wconf 69' lang='lat'><strong>.</strong></span> <span class='ocrx_word' id='word_1_10' title='bbox 336 561 381 636; x_wconf 91' lang='lat' dir='ltr'>de</span> <span class='ocrx_word' id='word_1_11' title='bbox 403 554 565 636; x_wconf 82' lang='lat' dir='ltr'>omnibus</span> <span class='ocrx_word' id='word_1_12' title='bbox 590 560 715 662; x_wconf 83' lang='lat' dir='ltr'>rebus,</span> <span class='ocrx_word' id='word_1_13' title='bbox 740 585 845 664; x_wconf 65' lang='grc' dir='ltr'>φησι</span> <span class='ocrx_word' id='word_1_14' title='bbox 870 561 1073 662; x_wconf 75' lang='lat' dir='ltr'>saepissime</span> <span class='ocrx_word' id='word_1_15' title='bbox 1101 559 1221 636; x_wconf 80' lang='lat' dir='ltr'>literas</span> <span class='ocrx_word' id='word_1_16' title='bbox 1250 563 1333 636; x_wconf 90' lang='lat' dir='ltr'>mit·</span> 
     </span>
     <span class='ocr_line' id='line_1_3' title="bbox 335 687 521 763; baseline -0.005 -1"><span class='ocrx_word' id='word_1_17' title='bbox 335 701 398 763; x_wconf 85' lang='lat' dir='ltr'>tas.</span> <span class='ocrx_word' id='word_1_18' title='bbox 422 687 521 762; x_wconf 82' lang='lat' dir='ltr'>Vale.</span> 
     </span>
    </p>
   </div>
   <div class='ocr_carea' id='block_1_2' title="bbox 711 925 1305 1044">
    <p class='ocr_par' dir='ltr' id='par_1_2' title="bbox 711 925 1305 1044">
     <span class='ocr_line' id='line_1_4' title="bbox 711 925 1305 1044; baseline 0.022 -26"><span class='ocrx_word' id='word_1_19' title='bbox 711 939 931 1018; x_wconf 80' lang='lat' dir='ltr'>oacxow.</span> <span class='ocrx_word' id='word_1_20' title='bbox 995 925 1001 944; x_wconf 83' lang='grc'><em>“</em></span> <span class='ocrx_word' id='word_1_21' title='bbox 1053 982 1106 1040; x_wconf 54' lang='grc' dir='ltr'>(Μ</span> <span class='ocrx_word' id='word_1_22' title='bbox 1120 981 1174 1030; x_wconf 74' lang='lat'>1...</span> <span class='ocrx_word' id='word_1_23' title='bbox 1188 979 1305 1044; x_wconf 54' lang='lat' dir='ltr'>aas&gt;</span> 
     </span>
    </p>
   </div>
   <div class='ocr_carea' id='block_1_3' title="bbox 331 1117 1331 1308">
    <p class='ocr_par' dir='ltr' id='par_1_3' title="bbox 331 1117 1331 1308">
     <span class='ocr_line' id='line_1_5' title="bbox 331 1117 1331 1201; baseline 0.004 -23"><span class='ocrx_word' id='word_1_24' title='bbox 331 1117 551 1200; x_wconf 69' lang='lat' dir='ltr'>Argumentum.</span> <span class='ocrx_word' id='word_1_25' title='bbox 571 1117 702 1179; x_wconf 80' lang='lat' dir='ltr'>Excusat</span> <span class='ocrx_word' id='word_1_26' title='bbox 721 1119 950 1201; x_wconf 73' lang='lat' dir='ltr'><strong>infrequentiam</strong></span> <span class='ocrx_word' id='word_1_27' title='bbox 982 1117 1148 1178; x_wconf 84' lang='lat' dir='ltr'>literarum.</span> <span class='ocrx_word' id='word_1_28' title='bbox 1168 1117 1331 1182; x_wconf 75' lang='lat' dir='ltr'>Terentiae</span> 
     </span>
     <span class='ocr_line' id='line_1_6' title="bbox 371 1223 1303 1308; baseline -0.001 -23"><span class='ocrx_word' id='word_1_29' title='bbox 371 1223 472 1286; x_wconf 84' lang='lat' dir='ltr'>officia</span> <span class='ocrx_word' id='word_1_30' title='bbox 492 1229 522 1286; x_wconf 89' lang='lat' dir='ltr'>in</span> <span class='ocrx_word' id='word_1_31' title='bbox 543 1225 675 1286; x_wconf 84' lang='lat' dir='ltr'>Tulliam</span> <span class='ocrx_word' id='word_1_32' title='bbox 697 1225 815 1302; x_wconf 60' lang='lat' dir='ltr'>laudan</span> <span class='ocrx_word' id='word_1_33' title='bbox 835 1225 979 1287; x_wconf 89' lang='lat' dir='ltr'>Pollicem</span> <span class='ocrx_word' id='word_1_34' title='bbox 999 1245 1121 1286; x_wconf 83' lang='lat' dir='ltr'>servum</span> <span class='ocrx_word' id='word_1_35' title='bbox 1141 1235 1303 1308; x_wconf 76' lang='lat' dir='ltr'>exspectat.</span> 
     </span>
    </p>
   </div>
   <div class='ocr_carea' id='block_1_4' title="bbox 443 1429 1218 1501">
    <p class='ocr_par' dir='ltr' id='par_1_4' title="bbox 443 1429 1218 1501">
     <span class='ocr_line' id='line_1_7' title="bbox 443 1429 1218 1501; baseline 0 -17"><span class='ocrx_word' id='word_1_36' title='bbox 443 1431 499 1484; x_wconf 85' lang='lat' dir='ltr'>Scr.</span> <span class='ocrx_word' id='word_1_37' title='bbox 516 1430 542 1482; x_wconf 89' lang='lat' dir='ltr'>io</span> <span class='ocrx_word' id='word_1_38' title='bbox 560 1430 648 1482; x_wconf 74' lang='lat' dir='ltr'>castris</span> <span class='ocrx_word' id='word_1_39' title='bbox 666 1429 783 1501; x_wconf 85' lang='lat' dir='ltr'>Pompeii</span> <span class='ocrx_word' id='word_1_40' title='bbox 800 1431 832 1484; x_wconf 79' lang='grc' dir='ltr'>Α.</span> <span class='ocrx_word' id='word_1_41' title='bbox 850 1430 885 1484; x_wconf 87' lang='lat' dir='ltr'>V.</span> <span class='ocrx_word' id='word_1_42' title='bbox 903 1431 932 1484; x_wconf 89' lang='lat' dir='ltr'>C.</span> <span class='ocrx_word' id='word_1_43' title='bbox 951 1430 1052 1498; x_wconf 85' lang='lat' dir='ltr'>DCCV,</span> <span class='ocrx_word' id='word_1_44' title='bbox 1071 1429 1108 1484; x_wconf 86' lang='lat' dir='ltr'>ld.</span> <span class='ocrx_word' id='word_1_45' title='bbox 1126 1431 1218 1500; x_wconf 80' lang='lat' dir='ltr'>Quint.</span> 
     </span>
    </p>
   </div>
   <div class='ocr_carea' id='block_1_5' title="bbox 375 1626 1279 1694">
    <p class='ocr_par' dir='ltr' id='par_1_5' title="bbox 375 1626 1279 1694">
     <span class='ocr_line' id='line_1_8' title="bbox 375 1626 1279 1694; baseline 0.002 -2"><span class='ocrx_word' id='word_1_46' title='bbox 375 1627 419 1692; x_wconf 89' lang='grc' dir='ltr'>Μ.</span> <span class='ocrx_word' id='word_1_47' title='bbox 436 1627 472 1691; x_wconf 93' lang='grc' dir='ltr'>Τ.</span> <span class='ocrx_word' id='word_1_48' title='bbox 489 1626 633 1692; x_wconf 87' lang='lat' dir='ltr'>CICERO</span> <span class='ocrx_word' id='word_1_49' title='bbox 650 1627 875 1693; x_wconf 81' lang='lat' dir='ltr'><strong>TERENTIAE</strong></span> <span class='ocrx_word' id='word_1_50' title='bbox 891 1628 943 1693; x_wconf 87' lang='lat' dir='ltr'>ET</span> <span class='ocrx_word' id='word_1_51' title='bbox 962 1627 1132 1694; x_wconf 80' lang='lat' dir='ltr'><strong>TVLLIAE</strong></span> <span class='ocrx_word' id='word_1_52' title='bbox 1150 1627 1181 1694; x_wconf 88' lang='lat' dir='ltr'>S.</span> <span class='ocrx_word' id='word_1_53' title='bbox 1193 1627 1226 1694; x_wconf 89' lang='lat' dir='ltr'>P.</span> <span class='ocrx_word' id='word_1_54' title='bbox 1239 1629 1279 1694; x_wconf 90' lang='lat' dir='ltr'>D.</span> 
     </span>
    </p>
   </div>
   <div class='ocr_carea' id='block_1_6' title="bbox 329 1840 1329 2456">
    <p class='ocr_par' dir='ltr' id='par_1_6' title="bbox 329 1840 1329 2456">
     <span class='ocr_line' id='line_1_9' title="bbox 380 1840 1329 1943; baseline 0.005 -28"><span class='ocrx_word' id='word_1_55' title='bbox 380 1840 454 1916; x_wconf 88' lang='lat' dir='ltr'>Nec</span> <span class='ocrx_word' id='word_1_56' title='bbox 478 1867 582 1942; x_wconf 83' lang='lat' dir='ltr'>saepe</span> <span class='ocrx_word' id='word_1_57' title='bbox 608 1857 678 1942; x_wconf 83' lang='lat' dir='ltr'>est,</span> <span class='ocrx_word' id='word_1_58' title='bbox 704 1844 760 1916; x_wconf 90' lang='lat' dir='ltr'>cui</span> <span class='ocrx_word' id='word_1_59' title='bbox 785 1842 902 1916; x_wconf 82' lang='lat' dir='ltr'>literas</span> <span class='ocrx_word' id='word_1_60' title='bbox 928 1842 1067 1943; x_wconf 79' lang='lat' dir='ltr'>demus3</span> <span class='ocrx_word' id='word_1_61' title='bbox 1091 1869 1158 1916; x_wconf 89' lang='lat' dir='ltr'>nee</span> <span class='ocrx_word' id='word_1_62' title='bbox 1174 1869 1249 1918; x_wconf 90' lang='lat' dir='ltr'>rem</span> <span class='ocrx_word' id='word_1_63' title='bbox 1266 1843 1329 1920; x_wconf 90' lang='lat' dir='ltr'>ha·</span> 
     </span>
     <span class='ocr_line' id='line_1_10' title="bbox 329 1965 1328 2070; baseline 0.005 -31"><span class='ocrx_word' id='word_1_64' title='bbox 329 1965 453 2040; x_wconf 76' lang='lat' dir='ltr'>bemm</span> <span class='ocrx_word' id='word_1_65' title='bbox 478 1967 602 2068; x_wconf 80' lang='lat' dir='ltr'>ullam,</span> <span class='ocrx_word' id='word_1_66' title='bbox 627 1995 733 2070; x_wconf 88' lang='lat' dir='ltr'>quam</span> <span class='ocrx_word' id='word_1_67' title='bbox 756 1969 907 2044; x_wconf 86' lang='lat' dir='ltr'>scribere</span> <span class='ocrx_word' id='word_1_68' title='bbox 933 1969 1090 2044; x_wconf 84' lang='lat' dir='ltr'>velimus.</span> <span class='ocrx_word' id='word_1_69' title='bbox 1113 1971 1171 2044; x_wconf 85' lang='lat' dir='ltr'>Ex</span> <span class='ocrx_word' id='word_1_70' title='bbox 1194 1971 1263 2046; x_wconf 85' lang='lat' dir='ltr'>tuis</span> <span class='ocrx_word' id='word_1_71' title='bbox 1288 1970 1328 2044; x_wconf 92' lang='lat' dir='ltr'>li·</span> 
     </span>
     <span class='ocr_line' id='line_1_11' title="bbox 330 2091 1328 2196; baseline 0.007 -33"><span class='ocrx_word' id='word_1_72' title='bbox 330 2091 433 2192; x_wconf 86' lang='lat' dir='ltr'>teris,</span> <span class='ocrx_word' id='word_1_73' title='bbox 458 2116 544 2195; x_wconf 83' lang='lat' dir='ltr'>quas</span> <span class='ocrx_word' id='word_1_74' title='bbox 568 2096 728 2195; x_wconf 78' lang='lat' dir='ltr'>proxime</span> <span class='ocrx_word' id='word_1_75' title='bbox 760 2095 901 2196; x_wconf 84' lang='lat' dir='ltr'>accepi,</span> <span class='ocrx_word' id='word_1_76' title='bbox 937 2096 1087 2194; x_wconf 77' lang='lat' dir='ltr'>cognovi</span> <span class='ocrx_word' id='word_1_77' title='bbox 1099 2149 1110 2194; x_wconf 83' lang='lat'>,</span> <span class='ocrx_word' id='word_1_78' title='bbox 1142 2095 1328 2196; x_wconf 80' lang='lat' dir='ltr'>praedium</span> 
     </span>
     <span class='ocr_line' id='line_1_12' title="bbox 329 2216 1327 2322; baseline 0.006 -32"><span class='ocrx_word' id='word_1_79' title='bbox 329 2216 464 2293; x_wconf 87' lang='lat' dir='ltr'>nullam</span> <span class='ocrx_word' id='word_1_80' title='bbox 487 2221 607 2295; x_wconf 82' lang='lat' dir='ltr'>venire</span> <span class='ocrx_word' id='word_1_81' title='bbox 631 2222 788 2321; x_wconf 90' lang='lat' dir='ltr'>potuisse</span> <span class='ocrx_word' id='word_1_82' title='bbox 807 2238 830 2294; x_wconf 88' lang='lat'>¹.</span> <span class='ocrx_word' id='word_1_83' title='bbox 867 2223 985 2315; x_wconf 91' lang='lat' dir='ltr'>Quare</span> <span class='ocrx_word' id='word_1_84' title='bbox 1017 2221 1166 2296; x_wconf 84' lang='lat' dir='ltr'>videatis</span> <span class='ocrx_word' id='word_1_85' title='bbox 1195 2221 1327 2322; x_wconf 83' lang='lat' dir='ltr'>velim,</span> 
     </span>
     <span class='ocr_line' id='line_1_13' title="bbox 330 2343 1325 2456; baseline 0.001 -37"><span class='ocrx_word' id='word_1_86' title='bbox 330 2346 509 2456; x_wconf 83' lang='lat' dir='ltr'>quomodo</span> <span class='ocrx_word' id='word_1_87' title='bbox 526 2349 671 2421; x_wconf 87' lang='lat' dir='ltr'>satisfiat</span> <span class='ocrx_word' id='word_1_88' title='bbox 687 2347 737 2448; x_wconf 81' lang='lat' dir='ltr'>ei,</span> <span class='ocrx_word' id='word_1_89' title='bbox 762 2348 817 2421; x_wconf 88' lang='lat' dir='ltr'>cai</span> <span class='ocrx_word' id='word_1_90' title='bbox 835 2347 930 2421; x_wconf 89' lang='lat' dir='ltr'>scitis</span> <span class='ocrx_word' id='word_1_91' title='bbox 946 2365 961 2398; x_wconf 83' lang='lat'>²</span> <span class='ocrx_word' id='word_1_92' title='bbox 977 2371 1034 2420; x_wconf 90' lang='lat' dir='ltr'>me</span> <span class='ocrx_word' id='word_1_93' title='bbox 1051 2347 1209 2421; x_wconf 85' lang='lat' dir='ltr'>satisfieri</span> <span class='ocrx_word' id='word_1_94' title='bbox 1225 2343 1325 2422; x_wconf 90' lang='lat' dir='ltr'>velle.</span> 
     </span>
    </p>
   </div>
   <div class='ocr_carea' id='block_1_7' title="bbox 328 2471 1346 3066">
    <p class='ocr_par' dir='ltr' id='par_1_7' title="bbox 328 2471 1346 3066">
     <span class='ocr_line' id='line_1_14' title="bbox 329 2471 1325 2576; baseline 0.002 -30"><span class='ocrx_word' id='word_1_95' title='bbox 329 2471 437 2565; x_wconf 88' lang='lat' dir='ltr'>Quod</span> <span class='ocrx_word' id='word_1_96' title='bbox 460 2475 611 2550; x_wconf 81' lang='lat' dir='ltr'>nostra³</span> <span class='ocrx_word' id='word_1_97' title='bbox 638 2475 703 2548; x_wconf 84' lang='lat' dir='ltr'>tibi</span> <span class='ocrx_word' id='word_1_98' title='bbox 728 2475 854 2575; x_wconf 87' lang='lat' dir='ltr'>gratias</span> <span class='ocrx_word' id='word_1_99' title='bbox 879 2475 972 2576; x_wconf 75' lang='lat' dir='ltr'>agit,</span> <span class='ocrx_word' id='word_1_100' title='bbox 1003 2471 1041 2548; x_wconf 90' lang='lat' dir='ltr'>id</span> <span class='ocrx_word' id='word_1_101' title='bbox 1069 2500 1134 2576; x_wconf 86' lang='lat' dir='ltr'>ego</span> <span class='ocrx_word' id='word_1_102' title='bbox 1159 2499 1233 2548; x_wconf 92' lang='lat' dir='ltr'>non</span> <span class='ocrx_word' id='word_1_103' title='bbox 1257 2475 1325 2548; x_wconf 88' lang='lat' dir='ltr'>mi-</span> 
     </span>
     <span class='ocr_line' id='line_1_15' title="bbox 328 2601 1346 2702; baseline 0.003 -30"><span class='ocrx_word' id='word_1_104' title='bbox 328 2623 388 2673; x_wconf 89' lang='lat' dir='ltr'>ror</span> <span class='ocrx_word' id='word_1_105' title='bbox 412 2613 448 2674; x_wconf 87' lang='lat' dir='ltr'>te</span> <span class='ocrx_word' id='word_1_106' title='bbox 471 2602 615 2701; x_wconf 81' lang='lat' dir='ltr'>mereri,</span> <span class='ocrx_word' id='word_1_107' title='bbox 638 2616 679 2676; x_wconf 90' lang='lat' dir='ltr'>ut</span> <span class='ocrx_word' id='word_1_108' title='bbox 703 2628 744 2676; x_wconf 90' lang='lat' dir='ltr'>ea</span> <span class='ocrx_word' id='word_1_109' title='bbox 767 2601 833 2676; x_wconf 86' lang='lat' dir='ltr'>tihi</span> <span class='ocrx_word' id='word_1_110' title='bbox 857 2603 982 2678; x_wconf 88' lang='lat' dir='ltr'>merito</span> <span class='ocrx_word' id='word_1_111' title='bbox 1000 2617 1062 2678; x_wconf 90' lang='lat' dir='ltr'>tuo</span> <span class='ocrx_word' id='word_1_112' title='bbox 1079 2603 1205 2702; x_wconf 82' lang='lat' dir='ltr'>gratias</span> <span class='ocrx_word' id='word_1_113' title='bbox 1223 2627 1346 2700; x_wconf 80' lang='lat' dir='ltr'>agere·</span> 
     </span>
     <span class='ocr_line' id='line_1_16' title="bbox 330 2724 1324 2828; baseline 0.005 -33"><span class='ocrx_word' id='word_1_114' title='bbox 330 2725 450 2823; x_wconf 83' lang='lat' dir='ltr'>possit.</span> <span class='ocrx_word' id='word_1_115' title='bbox 485 2724 653 2799; x_wconf 90' lang='lat' dir='ltr'>Pollicem</span> <span class='ocrx_word' id='word_1_116' title='bbox 669 2725 704 2825; x_wconf 78' lang='lat' dir='ltr'>l,</span> <span class='ocrx_word' id='word_1_117' title='bbox 735 2728 765 2799; x_wconf 90' lang='lat' dir='ltr'>si</span> <span class='ocrx_word' id='word_1_118' title='bbox 797 2725 913 2799; x_wconf 86' lang='lat' dir='ltr'>adhuc</span> <span class='ocrx_word' id='word_1_119' title='bbox 949 2751 1022 2800; x_wconf 94' lang='lat' dir='ltr'>non</span> <span class='ocrx_word' id='word_1_120' title='bbox 1046 2741 1101 2801; x_wconf 89' lang='lat' dir='ltr'>est</span> <span class='ocrx_word' id='word_1_121' title='bbox 1124 2727 1324 2828; x_wconf 82' lang='lat' dir='ltr'>profectus,</span> 
     </span>
     <span class='ocr_line' id='line_1_17' title="bbox 331 2849 1326 2951; baseline 0.007 -31"><span class='ocrx_word' id='word_1_122' title='bbox 331 2871 435 2947; x_wconf 88' lang='lat' dir='ltr'>quam</span> <span class='ocrx_word' id='word_1_123' title='bbox 459 2849 612 2948; x_wconf 77' lang='lat' dir='ltr'>primum</span> <span class='ocrx_word' id='word_1_124' title='bbox 637 2850 691 2924; x_wconf 85' lang='lat' dir='ltr'>lac</span> <span class='ocrx_word' id='word_1_125' title='bbox 716 2851 889 2924; x_wconf 84' lang='lat' dir='ltr'>extrudas.</span> <span class='ocrx_word' id='word_1_126' title='bbox 914 2849 1022 2951; x_wconf 85' lang='lat' dir='ltr'>Cura,</span> <span class='ocrx_word' id='word_1_127' title='bbox 1047 2867 1087 2925; x_wconf 88' lang='lat' dir='ltr'>ut</span> <span class='ocrx_word' id='word_1_128' title='bbox 1111 2855 1237 2929; x_wconf 83' lang='lat' dir='ltr'>valeas.</span> <span class='ocrx_word' id='word_1_129' title='bbox 1255 2853 1326 2928; x_wconf 91' lang='lat' dir='ltr'>ldi-</span> 
     </span>
     <span class='ocr_line' id='line_1_18' title="bbox 330 2969 564 3066; baseline 0.017 -22"><span class='ocrx_word' id='word_1_130' title='bbox 330 2969 396 3046; x_wconf 86' lang='lat' dir='ltr'>bus</span> <span class='ocrx_word' id='word_1_131' title='bbox 420 2973 564 3066; x_wconf 87' lang='lat' dir='ltr'>Quintil.</span> 
     </span>
    </p>
   </div>
   <div class='ocr_carea' id='block_1_8' title="bbox 719 3226 1298 3329">
    <p class='ocr_par' dir='ltr' id='par_1_8' title="bbox 719 3226 1298 3329">
     <span class='ocr_line' id='line_1_19' title="bbox 719 3226 1298 3329; baseline 0.033 -30"><span class='ocrx_word' id='word_1_132' title='bbox 719 3226 921 3303; x_wconf 84' lang='lat' dir='ltr'><strong>CCCXCV.</strong></span> <span class='ocrx_word' id='word_1_133' title='bbox 1036 3270 1089 3328; x_wconf 76' lang='lat' dir='ltr'>(aa</span> <span class='ocrx_word' id='word_1_134' title='bbox 1105 3269 1156 3316; x_wconf 66' lang='lat' dir='ltr'>ott.</span> <span class='ocrx_word' id='word_1_135' title='bbox 1172 3269 1236 3329; x_wconf 73' lang='lat' dir='ltr'>tot,</span> <span class='ocrx_word' id='word_1_136' title='bbox 1255 3273 1298 3327; x_wconf 74' lang='grc' dir='ltr'>η)</span> 
     </span>
    </p>
   </div>
   <div class='ocr_carea' id='block_1_9' title="bbox 325 3387 1324 3590">
    <p class='ocr_par' dir='ltr' id='par_1_9' title="bbox 325 3387 1324 3590">
     <span class='ocr_line' id='line_1_20' title="bbox 325 3387 1324 3487; baseline 0.01 -29"><span class='ocrx_word' id='word_1_137' title='bbox 325 3399 542 3478; x_wconf 78' lang='lat' dir='ltr'>Argtttnentnm.</span> <span class='ocrx_word' id='word_1_138' title='bbox 564 3387 764 3462; x_wconf 84' lang='lat' dir='ltr'>Gratulationi</span> <span class='ocrx_word' id='word_1_139' title='bbox 786 3403 966 3479; x_wconf 80' lang='lat' dir='ltr'>Terentiae,</span> <span class='ocrx_word' id='word_1_140' title='bbox 986 3404 1069 3487; x_wconf 88' lang='lat' dir='ltr'>quod</span> <span class='ocrx_word' id='word_1_141' title='bbox 1090 3405 1190 3468; x_wconf 81' lang='lat' dir='ltr'>salvus</span> <span class='ocrx_word' id='word_1_142' title='bbox 1213 3409 1243 3466; x_wconf 89' lang='lat' dir='ltr'>in</span> <span class='ocrx_word' id='word_1_143' title='bbox 1266 3407 1324 3468; x_wconf 88' lang='lat' dir='ltr'>lta-</span> 
     </span>
     <span class='ocr_line' id='line_1_21' title="bbox 362 3503 783 3590; baseline 0.014 -26"><span class='ocrx_word' id='word_1_144' title='bbox 362 3503 433 3566; x_wconf 88' lang='lat' dir='ltr'>liam</span> <span class='ocrx_word' id='word_1_145' title='bbox 455 3503 591 3579; x_wconf 86' lang='lat' dir='ltr'>rediorit,</span> <span class='ocrx_word' id='word_1_146' title='bbox 612 3507 783 3590; x_wconf 87' lang='lat' dir='ltr'>respondet.</span> 
     </span>
    </p>
   </div>
   <div class='ocr_carea' id='block_1_10' title="bbox 0 0 1436 4950">
    <p class='ocr_par' dir='ltr' id='par_1_10' title="bbox 0 0 1436 4950">
     <span class='ocr_line' id='line_1_22' title="bbox 0 0 1436 4950; baseline 0 0"><span class='ocrx_word' id='word_1_147' title='bbox 0 0 1436 4950; x_wconf 95' lang='lat' dir='ltr'> </span> 
     </span>
    </p>
   </div>
  </div>
 </body>
</html>
