2910 4954
328 452 400 545 284
668 465 841 520 arverunt
866 469 989 520 cnuxx.
1106 470 1137 520 a.
1155 473 1189 522 v.
1209 474 1239 520 c.
1257 489 1304 536 ,ος

324 577 491 653 Caesaris.
518 575 564 650 At
595 597 660 647 nos
686 571 983 674 quemadmodum
1017 587 1072 646 eet
1104 575 1329 676 complexuri

324 706 482 780 Cassium
496 703 527 754 ³⁸
545 700 610 776 sibi
634 699 782 799 legavit,
805 699 955 774 Brutum
979 698 1116 774 Galliae
1139 701 1333 818 praefecit,

323 829 515 934 Sulpicium
540 828 724 930 Graeciae,
748 825 974 928 Marcellum,
998 827 1056 901 cui
1080 829 1232 901 maxime
1250 855 1330 903 suc-

323 957 503 1056 censebat,
521 981 601 1029 cum
618 979 754 1028 summa
770 951 863 1028 illiue
881 953 1050 1056 dignitate
1063 955 1225 1029 restituit
1242 956 1328 1050 Quo

322 1086 428 1186 igitur
450 1083 538 1156 haec
554 1079 737 1184 spectanti
762 1081 890 1155 Rerum
914 1079 985 1158 hoc
1003 1082 1035 1150 ³9
1059 1095 1186 1158 natura
1212 1095 1250 1156 et
1276 1083 1327 1156 ci-

322 1205 445 1286 vilium
470 1222 669 1311 temporum
692 1231 766 1282 non
791 1208 964 1309 patietur,
987 1233 1054 1282 nec
1079 1233 1245 1308 manens,
1259 1233 1327 1284 nec

321 1351 456 1413 mutata
483 1335 574 1410 ratio
601 1334 688 1408 seret
703 1332 753 1406 4⁰:
779 1334 950 1436 primum,
980 1347 1123 1410 utnon
1154 1335 1193 1408 in
1221 1360 1328 1410 cauae
1439 1377 1440 1389 κ

321 1466 399 1566 pari
430 1461 555 1536 eadem
585 1461 631 1534 sit
661 1474 699 1533 et
734 1457 893 1534 conditio
917 1472 955 1533 et
979 1459 1118 1536 fortuna
1145 1461 1327 1560 omnium,

322 1588 467 1690 deinde,
491 1587 593 1661 utin
619 1611 697 1660 eam
722 1585 901 1662 civitatem
925 1585 1012 1661 boni
1036 1587 1103 1662 viri
1122 1599 1158 1660 et
1174 1585 1261 1661 boni
1279 1587 1326 1661 ei·
1439 1589 1440 1672 j

320 1742 383 1792 ves
414 1713 510 1789 nulla
541 1713 732 1814 ignominia
761 1713 875 1788 notari
906 1736 981 1788 non
1014 1726 1255 1812 revertantur,
1287 1715 1324 1786 in

320 1869 427 1948 quam
450 1855 507 1918 tot
530 1840 743 1916 nefariorum
767 1838 938 1914 scelerum
967 1838 1241 1914 condemnarit
1268 1865 1322 1913 re-

318 1981 509 2044 verterunt.
542 1965 662 2042 Habea
687 1966 869 2066 augurium
900 1991 1036 2067 meum,
1068 1990 1156 2068 quo,
1182 1966 1211 2040 si
1237 1964 1322 2068 quid

320 2092 582 2192 addubitarem,
605 2117 679 2166 non
703 2091 824 2192 potius
848 2102 982 2190 uterer,
1006 2117 1114 2195 quam
1144 2089 1204 2166 illa
1237 2117 1320 2166 con·

319 2220 491 2296 solatione
507 2218 552 2319 ⁴²,
577 2243 645 2322 qua
670 2215 771 2290 facile
794 2215 921 2290 sortem
936 2218 1053 2294 virum
1077 2231 1320 2293 sustentarem:

320 2363 373 2449 te,
404 2347 433 2423 si
464 2343 646 2448 explorata
675 2343 824 2418 victoria
858 2368 954 2418 arma
987 2346 1167 2420 sumsisees
1193 2371 1261 2446 pro
1285 2369 1320 2418 re

319 2473 461 2580 publica
488 2456 555 2566 (ita
580 2472 674 2547 enim
700 2485 775 2545 tum
799 2470 987 2572 putabas),
1012 2497 1087 2546 non
1110 2473 1228 2546 minus
1248 2495 1320 2546 esse

318 2601 534 2678 laudandum
550 2601 598 2701 4³3
622 2600 677 2674 sin
700 2611 847 2701 propter
862 2597 1016 2674 incertos
1033 2581 1145 2672 exitus
1163 2611 1321 2672 eventus·

318 2757 387 2835 que
410 2729 599 2826 bellorum,
624 2752 729 2829 posse
755 2723 914 2800 accidere
939 2739 979 2798 ut
1005 2726 1243 2824 vinceremur,
1259 2749 1319 2826 pu·

318 2869 444 2952 meses,
467 2877 542 2928 uon
566 2850 693 2926 debere
709 2865 745 2924 te
762 2850 809 2926 ad
825 2849 1018 2924 secundam
1034 2849 1214 2926 fortunam
1229 2851 1318 2924 benc

316 2992 480 3083 paratum
504 2978 625 3077 iirieee,
649 2976 834 3051 adversam
857 2977 946 3052 ferre
963 2975 1186 3052 nullomodo
1205 3003 1320 3079 poree.

315 3107 542 3208 Disputarem
565 3103 686 3202 etiam,
711 3115 845 3205 quanto
870 3101 996 3178 solatio
1021 3101 1087 3178 tibi
1103 3104 1318 3179 conscientia

318 3235 369 3308 tui
394 3231 495 3332 facti,
521 3242 716 3332 quantaeve
731 3229 765 3297 4⁴
791 3227 1015 3304 delectationi
1047 3230 1085 3303 in
1117 3229 1223 3305 rebus
1256 3229 1319 3304 ad-

318 3361 427 3436 versis
449 3357 571 3432 literae
596 3383 670 3432 esse
696 3355 874 3430 deberent
898 3356 1223 3432 Commemorarem
1245 3381 1317 3432 non
1438 3423 1439 3450 ,

319 3483 434 3562 colum
456 3497 632 3586 veterum,
656 3481 719 3558 sed
743 3482 870 3556 horum
902 3481 1009 3555 etiam
1041 3484 1237 3558 recentium
1261 3483 1315 3557 vei

319 3614 466 3716 ducum,
490 3610 547 3688 vel
576 3611 744 3686 comitum
777 3621 918 3682 tuorum
951 3591 1173 3708 gravissimos
1207 3635 1315 3686 casus.

317 3741 436 3814 Etiam
460 3753 622 3814 externos
652 3734 783 3810 multos
815 3731 928 3808 claron
960 3734 1055 3808 viror
1087 3735 1312 3810 nominarem

315 3865 429 3938 Levat
443 3868 539 3940 enim
555 3863 712 3939 dolorem
733 3859 929 3936 communie
955 3861 1054 3962 quasi
1078 3859 1183 3961 legis,
1200 3876 1238 3935 et
1253 3861 1314 3935 hu·

315 4013 441 4064 manae
465 3989 676 4066 conditionis
701 3985 907 4064 recordatio.
932 3987 1155 4089 Exponerem
1189 3990 1313 4084 etiam,
