2910 4962
335 443 408 518 aco
694 463 867 514 cataroae
893 467 982 517 nvn.
1122 467 1308 532 anem
1437 457 1438 496 ³

604 697 658 752 Sa.
677 695 775 750 Romae
793 699 824 750 Α.
838 697 871 752 V.
889 696 919 751 C.
937 695 1068 752 occvn.

460 889 504 952 Μ.
530 887 567 952 Τ.
591 887 737 953 CICERO
763 887 898 953 ACILIO
924 886 1037 953 PROC.
1062 888 1092 953 S.
1117 889 1151 954 P.
1175 889 1214 954 D.

383 1105 473 1180 Cum
498 1101 628 1177 familia
644 1102 805 1176 Titurnia
831 1102 1054 1176 necessitudo
1080 1103 1166 1180 mihi
1191 1106 1329 1180 interce·

333 1230 386 1304 dit
410 1245 529 1304 vetus:
554 1255 597 1302 ex
621 1245 717 1332 qua¹
744 1229 897 1332 reliquus
922 1243 977 1303 eat
1002 1229 1049 1303 M.
1067 1231 1248 1306 Titurnius
1265 1235 1328 1306 Ru·

243 1373 246 1380 ·
332 1359 403 1458 sus,
429 1359 489 1460 qui
520 1357 607 1430 mihi
639 1359 737 1430 omni
770 1354 950 1456 diligentia
975 1371 1081 1459 atque
1107 1358 1224 1432 officio
1241 1375 1257 1408 ²
1281 1374 1329 1433 est

333 1483 494 1558 tuendus.
518 1487 585 1560 Eat
608 1485 714 1584 igitur
738 1484 776 1556 in
801 1498 862 1558 tua
886 1497 1077 1586 potestate,
1093 1497 1134 1557 ut
1149 1483 1207 1558 ille
1224 1486 1261 1558 in
1279 1511 1329 1558 me

331 1612 415 1684 satis
441 1609 508 1683 sibi
525 1610 690 1710 praesidii
706 1623 810 1711 putet
825 1636 910 1684 ease.
928 1611 1156 1711 Quapropter
1171 1637 1253 1684 eum
1270 1611 1329 1684 tibi

332 1737 544 1812 commendo
568 1739 606 1810 in
632 1737 801 1812 maiorem
826 1735 994 1838 modum5
1023 1751 1060 1811 et
1084 1736 1147 1810 aba
1172 1751 1207 1810 te
1232 1751 1329 1838 peto,

332 1865 480 1966 efficias,
497 1879 538 1940 nt
560 1866 589 1938 is
610 1864 953 1939 commendationem
971 1862 1063 1938 hanc
1080 1862 1252 1964 intelligat
1267 1863 1329 1938 sibi

203 2085 208 2097 ι
331 2017 472 2106 magno
493 1991 695 2065 adiumento
728 1991 842 2065 fuisse.
878 1991 958 2064 Erit
988 1989 1074 2064 mihi
1106 1989 1329 2064 vehementer

331 2132 478 2218 gratum.

767 2371 900 2447 Dm
1033 2411 1088 2472 (aa
1103 2411 1157 2458 on.
1173 2407 1306 2470 xanta)

329 2561 551 2636 Argenteum.
571 2553 731 2616 Caecinam
755 2551 886 2614 exsulem
916 2553 948 2612 in
978 2539 1163 2634 colligenda
1183 2550 1328 2610 Asiaticae

368 2663 579 2746 negotiationis
598 2662 734 2744 reliquiis
755 2657 955 2720 commendat.

598 2857 653 2912 Sor.
672 2858 766 2912 Romae
785 2859 816 2910 Α.
829 2853 862 2908 V.
881 2855 910 2910 C.
929 2855 1059 2910 DCCVH.

400 3031 444 3097 Μ.
469 3029 506 3096 Τ.
531 3027 675 3097 CICERO
700 3031 734 3094 P.
759 3027 973 3096 saavn10¹
998 3026 1138 3095 PROPR.
1163 3027 1193 3092 S.
1219 3027 1257 3092 D.

376 3223 417 3296 A.
449 3220 655 3320 Caecinam,
686 3219 835 3292 maxime
867 3217 1050 3320 proprium
1084 3213 1249 3291 clientem
1278 3214 1329 3290 sa·
1437 3263 1438 3314 t

326 3347 442 3424 miliae
474 3361 611 3422 vestrae
628 3363 654 3448 ²,
686 3371 761 3420 non
793 3343 1079 3420 commendarem
1109 3343 1192 3444 tihi,
1219 3369 1328 3447 quum

325 3476 469 3576 aeirem,
493 3500 561 3578 qna
586 3473 656 3547 fide
680 3473 718 3545 in
743 3486 839 3572 tuos,
864 3497 933 3573 qua
959 3469 1143 3544 clementia
1170 3471 1210 3545 in
1234 3469 1326 3544 cala·

324 3602 472 3676 mitosos
497 3599 627 3675 soleres
652 3625 748 3699 esse;
772 3598 840 3672 nisi
863 3621 921 3670 me
945 3610 984 3670 et
1006 3597 1116 3697 patris
1140 3597 1232 3697 eius,
1255 3599 1326 3698 <pio

324 3754 402 3801 aum
427 3725 690 3802 familiarissime
715 3751 818 3823 nsua,
849 3723 1038 3823 memoria,
1068 3735 1104 3796 et
1127 3721 1231 3796 huius
1255 3722 1326 3795 for-
1437 3717 1438 3764 ³

324 3853 439 3927 tuna³
463 3855 512 3927 ita
537 3865 713 3950 moveret,
737 3863 777 3922 ut
802 3847 972 3948 hominis,
997 3847 1161 3922 omnibus
1185 3871 1325 3922 mecum
1437 3945 1438 3960 χ

325 3980 449 4056 studiis
465 3979 657 4081 officiisque
674 3974 959 4074 coniunctissimi,
974 3999 1118 4050 movere
1137 3969 1322 4049 debehati.
1437 3983 1438 3990 ’
