<?xml version="1.0" encoding="UTF-8"?>
<!DOCTYPE html PUBLIC "-//W3C//DTD XHTML 1.0 Transitional//EN"
    "http://www.w3.org/TR/xhtml1/DTD/xhtml1-transitional.dtd">
<html xmlns="http://www.w3.org/1999/xhtml" xml:lang="en" lang="en">
 <head>
  <title>
</title>
<meta http-equiv="Content-Type" content="text/html;charset=utf-8" />
  <meta name='ocr-system' content='tesseract 3.04.00' />
  <meta name='ocr-capabilities' content='ocr_page ocr_carea ocr_par ocr_line ocrx_word'/>
</head>
<body>
  <div class='ocr_page' id='page_1' title='image "./mtulliiciceroni66cicegoog/mtulliiciceroni66cicegoog_0111.png"; bbox 0 0 2900 4962; ppageno 0'>
   <div class='ocr_carea' id='block_1_1' title="bbox 245 421 1322 1279">
    <p class='ocr_par' dir='ltr' id='par_1_1' title="bbox 245 421 1322 1279">
     <span class='ocr_line' id='line_1_1' title="bbox 330 421 1295 514; baseline 0.017 -32"><span class='ocrx_word' id='word_1_1' title='bbox 330 421 397 514; x_wconf 64' lang='lat'>10⁴</span> <span class='ocrx_word' id='word_1_2' title='bbox 684 439 855 490; x_wconf 81' lang='lat' dir='ltr'>arrarou</span> <span class='ocrx_word' id='word_1_3' title='bbox 880 441 978 490; x_wconf 69' lang='lat' dir='ltr'>coxa</span> <span class='ocrx_word' id='word_1_4' title='bbox 1102 441 1134 490; x_wconf 69' lang='lat' dir='ltr'>a</span> <span class='ocrx_word' id='word_1_5' title='bbox 1152 445 1186 494; x_wconf 85' lang='lat' dir='ltr'>v.</span> <span class='ocrx_word' id='word_1_6' title='bbox 1202 445 1231 494; x_wconf 76' lang='lat' dir='ltr'>o</span> <span class='ocrx_word' id='word_1_7' title='bbox 1249 447 1295 509; x_wconf 64' lang='grc' dir='ltr'>με</span> 
     </span>
     <span class='ocr_line' id='line_1_2' title="bbox 325 541 1319 645; baseline 0.005 -27"><span class='ocrx_word' id='word_1_8' title='bbox 325 544 421 643; x_wconf 72' lang='lat' dir='ltr'>cogis</span> <span class='ocrx_word' id='word_1_9' title='bbox 445 567 503 616; x_wconf 81' lang='lat' dir='ltr'>me</span> <span class='ocrx_word' id='word_1_10' title='bbox 527 565 688 643; x_wconf 72' lang='lat' dir='ltr'>sperare,</span> <span class='ocrx_word' id='word_1_11' title='bbox 722 541 819 644; x_wconf 87' lang='lat' dir='ltr'>quod</span> <span class='ocrx_word' id='word_1_12' title='bbox 844 541 1040 645; x_wconf 82' lang='lat' dir='ltr'>optandum</span> <span class='ocrx_word' id='word_1_13' title='bbox 1065 544 1124 618; x_wconf 85' lang='lat' dir='ltr'>vix</span> <span class='ocrx_word' id='word_1_14' title='bbox 1148 561 1211 620; x_wconf 73' lang='lat' dir='ltr'>eal.</span> <span class='ocrx_word' id='word_1_15' title='bbox 1236 547 1319 623; x_wconf 90' lang='lat' dir='ltr'>Phi·</span> 
     </span>
     <span class='ocr_line' id='line_1_3' title="bbox 324 668 1320 751; baseline 0.008 -9"><span class='ocrx_word' id='word_1_16' title='bbox 324 669 466 746; x_wconf 73' lang='lat' dir='ltr'>lotimus</span> <span class='ocrx_word' id='word_1_17' title='bbox 491 668 647 743; x_wconf 78' lang='lat' dir='ltr'>diciurrl</span> <span class='ocrx_word' id='word_1_18' title='bbox 671 668 761 742; x_wconf 88' lang='lat' dir='ltr'>ldib.</span> <span class='ocrx_word' id='word_1_19' title='bbox 785 670 894 744; x_wconf 72' lang='lat' dir='ltr'>Sext:</span> <span class='ocrx_word' id='word_1_20' title='bbox 925 669 1013 742; x_wconf 88' lang='lat' dir='ltr'>nihil</span> <span class='ocrx_word' id='word_1_21' title='bbox 1044 669 1159 747; x_wconf 84' lang='lat' dir='ltr'>habeo</span> <span class='ocrx_word' id='word_1_22' title='bbox 1188 673 1234 748; x_wconf 88' lang='lat' dir='ltr'>de</span> <span class='ocrx_word' id='word_1_23' title='bbox 1257 675 1320 751; x_wconf 91' lang='lat' dir='ltr'>illo</span> 
     </span>
     <span class='ocr_line' id='line_1_4' title="bbox 245 795 1322 902; baseline 0.006 -33"><span class='ocrx_word' id='word_1_24' title='bbox 245 839 253 852; x_wconf 90' lang='lat'><strong>·</strong></span> <span class='ocrx_word' id='word_1_25' title='bbox 325 795 484 897; x_wconf 81' lang='lat' dir='ltr'>amplius.</span> <span class='ocrx_word' id='word_1_26' title='bbox 508 795 587 894; x_wconf 85' lang='lat' dir='ltr'>Tu,</span> <span class='ocrx_word' id='word_1_27' title='bbox 610 795 737 896; x_wconf 75' lang='lat' dir='ltr'>aelim,</span> <span class='ocrx_word' id='word_1_28' title='bbox 760 795 873 870; x_wconf 83' lang='lat' dir='ltr'>adea</span> <span class='ocrx_word' id='word_1_29' title='bbox 897 795 984 870; x_wconf 86' lang='lat' dir='ltr'>mihi</span> <span class='ocrx_word' id='word_1_30' title='bbox 1008 798 1200 898; x_wconf 73' lang='lat' dir='ltr'>rescribas,</span> <span class='ocrx_word' id='word_1_31' title='bbox 1232 827 1322 902; x_wconf 81' lang='lat' dir='ltr'>quae</span> 
     </span>
     <span class='ocr_line' id='line_1_5' title="bbox 325 921 1321 1032; baseline 0.005 -35"><span class='ocrx_word' id='word_1_32' title='bbox 325 921 372 997; x_wconf 89' lang='lat' dir='ltr'>ad</span> <span class='ocrx_word' id='word_1_33' title='bbox 396 939 432 998; x_wconf 80' lang='lat' dir='ltr'>te</span> <span class='ocrx_word' id='word_1_34' title='bbox 456 937 560 997; x_wconf 80' lang='lat' dir='ltr'>antea</span> <span class='ocrx_word' id='word_1_35' title='bbox 590 924 723 1032; x_wconf 73' lang='lat' dir='ltr'>soripai</span> <span class='ocrx_word' id='word_1_36' title='bbox 755 923 844 996; x_wconf 84' lang='lat' dir='ltr'>Mihi</span> <span class='ocrx_word' id='word_1_37' title='bbox 873 935 1011 997; x_wconf 82' lang='lat' dir='ltr'>tantum</span> <span class='ocrx_word' id='word_1_38' title='bbox 1043 928 1211 1026; x_wconf 77' lang='lat' dir='ltr'>temporis</span> <span class='ocrx_word' id='word_1_39' title='bbox 1236 931 1321 1002; x_wconf 81' lang='lat' dir='ltr'>satia</span> 
     </span>
     <span class='ocr_line' id='line_1_6' title="bbox 325 1049 1321 1153; baseline 0.004 -29"><span class='ocrx_word' id='word_1_40' title='bbox 325 1063 395 1150; x_wconf 73' lang='lat' dir='ltr'>eal,</span> <span class='ocrx_word' id='word_1_41' title='bbox 420 1049 660 1150; x_wconf 75' lang='lat' dir='ltr'>dum,ul⁵io</span> <span class='ocrx_word' id='word_1_42' title='bbox 677 1051 836 1151; x_wconf 64' lang='lat' dir='ltr'>passim</span> <span class='ocrx_word' id='word_1_43' title='bbox 860 1049 980 1151; x_wconf 78' lang='lat' dir='ltr'>robur,</span> <span class='ocrx_word' id='word_1_44' title='bbox 1005 1049 1138 1153; x_wconf 85' lang='lat' dir='ltr'>aliquid</span> <span class='ocrx_word' id='word_1_45' title='bbox 1162 1079 1321 1153; x_wconf 83' lang='lat' dir='ltr'>caveam,</span> 
     </span>
     <span class='ocr_line' id='line_1_7' title="bbox 325 1177 1229 1279; baseline 0.002 -29"><span class='ocrx_word' id='word_1_46' title='bbox 325 1179 386 1278; x_wconf 83' lang='lat' dir='ltr'>qui</span> <span class='ocrx_word' id='word_1_47' title='bbox 409 1177 497 1252; x_wconf 87' lang='lat' dir='ltr'>nihil</span> <span class='ocrx_word' id='word_1_48' title='bbox 520 1203 687 1279; x_wconf 87' lang='lat' dir='ltr'>umquam</span> <span class='ocrx_word' id='word_1_49' title='bbox 712 1179 800 1252; x_wconf 81' lang='lat' dir='ltr'>cari</span> <span class='ocrx_word' id='word_1_50' title='bbox 826 1177 925 1250; x_wconf 82' lang='lat' dir='ltr'>Vale.</span> <span class='ocrx_word' id='word_1_51' title='bbox 952 1178 1008 1251; x_wconf 83' lang='lat' dir='ltr'>Xl</span> <span class='ocrx_word' id='word_1_52' title='bbox 1031 1177 1110 1252; x_wconf 88' lang='lat' dir='ltr'>Kal</span> <span class='ocrx_word' id='word_1_53' title='bbox 1137 1178 1229 1252; x_wconf 83' lang='lat' dir='ltr'>Sext.</span> 
     </span>
    </p>
   </div>
   <div class='ocr_carea' id='block_1_2' title="bbox 728 1403 1295 1536">
    <p class='ocr_par' dir='ltr' id='par_1_2' title="bbox 728 1403 1295 1536">
     <span class='ocr_line' id='line_1_8' title="bbox 728 1403 1295 1536; baseline 0.002 -32"><span class='ocrx_word' id='word_1_54' title='bbox 728 1403 896 1504; x_wconf 79' lang='lat' dir='ltr'>coxxi</span> <span class='ocrx_word' id='word_1_55' title='bbox 1048 1469 1295 1536; x_wconf 48' lang='lat' dir='ltr'>(mm)</span> 
     </span>
    </p>
   </div>
   <div class='ocr_carea' id='block_1_3' title="bbox 323 1605 1320 2122">
    <p class='ocr_par' dir='ltr' id='par_1_3' title="bbox 323 1605 1320 2122">
     <span class='ocr_line' id='line_1_9' title="bbox 323 1605 1320 1691; baseline 0.007 -25"><span class='ocrx_word' id='word_1_56' title='bbox 323 1607 542 1686; x_wconf 55' lang='lat' dir='ltr'>damam</span> <span class='ocrx_word' id='word_1_57' title='bbox 567 1627 580 1668; x_wconf 84' lang='lat'><em>1</em></span> <span class='ocrx_word' id='word_1_58' title='bbox 601 1605 707 1689; x_wconf 67' lang='lat' dir='ltr'>Pergit</span> <span class='ocrx_word' id='word_1_59' title='bbox 725 1606 847 1691; x_wconf 70' lang='lat' dir='ltr'>malpuo</span> <span class='ocrx_word' id='word_1_60' title='bbox 867 1608 1027 1670; x_wconf 73' lang='lat' dir='ltr'>admissam</span> <span class='ocrx_word' id='word_1_61' title='bbox 1055 1609 1222 1672; x_wconf 77' lang='lat' dir='ltr'>lamentari.</span> <span class='ocrx_word' id='word_1_62' title='bbox 1243 1631 1262 1670; x_wconf 80' lang='lat' dir='ltr'>a</span> <span class='ocrx_word' id='word_1_63' title='bbox 1275 1612 1320 1673; x_wconf 85' lang='lat' dir='ltr'>De</span> 
     </span>
     <span class='ocr_line' id='line_1_10' title="bbox 363 1714 1320 1800; baseline 0.004 -24"><span class='ocrx_word' id='word_1_64' title='bbox 363 1724 544 1776; x_wconf 68' lang='lat' dir='ltr'>mumanae</span> <span class='ocrx_word' id='word_1_65' title='bbox 564 1715 740 1788; x_wconf 66' lang='lat' dir='ltr'>Temuoe,</span> <span class='ocrx_word' id='word_1_66' title='bbox 758 1717 884 1796; x_wconf 71' lang='lat' dir='ltr'>eiusque</span> <span class='ocrx_word' id='word_1_67' title='bbox 903 1714 964 1778; x_wconf 77' lang='lat' dir='ltr'>fide</span> <span class='ocrx_word' id='word_1_68' title='bbox 983 1727 1139 1800; x_wconf 63' lang='lat' dir='ltr'>tumeam</span> <span class='ocrx_word' id='word_1_69' title='bbox 1158 1717 1178 1776; x_wconf 86' lang='lat'>3</span> <span class='ocrx_word' id='word_1_70' title='bbox 1198 1717 1237 1780; x_wconf 77' lang='lat' dir='ltr'>(la</span> <span class='ocrx_word' id='word_1_71' title='bbox 1257 1717 1320 1780; x_wconf 78' lang='lat' dir='ltr'>lile·</span> 
     </span>
     <span class='ocr_line' id='line_1_11' title="bbox 364 1819 1318 1904; baseline 0.004 -22"><span class='ocrx_word' id='word_1_72' title='bbox 364 1823 420 1892; x_wconf 82' lang='lat' dir='ltr'>ris,</span> <span class='ocrx_word' id='word_1_73' title='bbox 440 1843 514 1904; x_wconf 79' lang='lat' dir='ltr'>quaa</span> <span class='ocrx_word' id='word_1_74' title='bbox 534 1819 715 1884; x_wconf 72' lang='lat' dir='ltr'>Philotimus</span> <span class='ocrx_word' id='word_1_75' title='bbox 735 1844 753 1882; x_wconf 82' lang='lat' dir='ltr'>a</span> <span class='ocrx_word' id='word_1_76' title='bbox 774 1821 902 1882; x_wconf 83' lang='lat' dir='ltr'>Caesare</span> <span class='ocrx_word' id='word_1_77' title='bbox 921 1821 1035 1884; x_wconf 79' lang='lat' dir='ltr'>habere</span> <span class='ocrx_word' id='word_1_78' title='bbox 1053 1823 1226 1898; x_wconf 75' lang='lat' dir='ltr'>dicebatur,</span> <span class='ocrx_word' id='word_1_79' title='bbox 1245 1845 1318 1886; x_wconf 84' lang='lat' dir='ltr'>non·</span> 
     </span>
     <span class='ocr_line' id='line_1_12' title="bbox 362 1927 1317 2012; baseline 0.002 -24"><span class='ocrx_word' id='word_1_80' title='bbox 362 1927 435 1988; x_wconf 83' lang='lat' dir='ltr'>dum</span> <span class='ocrx_word' id='word_1_81' title='bbox 457 1929 596 2012; x_wconf 79' lang='lat' dir='ltr'>perlatis;</span> <span class='ocrx_word' id='word_1_82' title='bbox 615 1929 636 2006; x_wconf 76' lang='grc'><strong><em>4</em></strong></span> <span class='ocrx_word' id='word_1_83' title='bbox 656 1928 787 2010; x_wconf 83' lang='lat' dir='ltr'>denique</span> <span class='ocrx_word' id='word_1_84' title='bbox 806 1928 846 1988; x_wconf 87' lang='lat' dir='ltr'>ad</span> <span class='ocrx_word' id='word_1_85' title='bbox 866 1928 1024 2010; x_wconf 76' lang='lat' dir='ltr'>consilium</span> <span class='ocrx_word' id='word_1_86' title='bbox 1036 1929 1076 1990; x_wconf 88' lang='lat' dir='ltr'>ab</span> <span class='ocrx_word' id='word_1_87' title='bbox 1090 1932 1188 1991; x_wconf 78' lang='lat' dir='ltr'>Atiioo</span> <span class='ocrx_word' id='word_1_88' title='bbox 1201 1929 1317 2002; x_wconf 79' lang='lat' dir='ltr'>darum,</span> 
     </span>
     <span class='ocr_line' id='line_1_13' title="bbox 362 2035 1233 2122; baseline 0.005 -29"><span class='ocrx_word' id='word_1_89' title='bbox 362 2035 487 2120; x_wconf 84' lang='lat' dir='ltr'>eiusque</span> <span class='ocrx_word' id='word_1_90' title='bbox 507 2037 679 2118; x_wconf 84' lang='lat' dir='ltr'>opinionem</span> <span class='ocrx_word' id='word_1_91' title='bbox 700 2035 739 2096; x_wconf 79' lang='lat' dir='ltr'>de</span> <span class='ocrx_word' id='word_1_92' title='bbox 760 2035 902 2096; x_wconf 71' lang='lat' dir='ltr'>Africano</span> <span class='ocrx_word' id='word_1_93' title='bbox 921 2039 1045 2119; x_wconf 76' lang='lat' dir='ltr'>negotio</span> <span class='ocrx_word' id='word_1_94' title='bbox 1065 2037 1233 2122; x_wconf 73' lang='lat' dir='ltr'>respondet.</span> 
     </span>
    </p>
   </div>
   <div class='ocr_carea' id='block_1_4' title="bbox 459 2259 1181 2330">
    <p class='ocr_par' dir='ltr' id='par_1_4' title="bbox 459 2259 1181 2330">
     <span class='ocr_line' id='line_1_14' title="bbox 459 2259 1181 2330; baseline -0.006 -12"><span class='ocrx_word' id='word_1_95' title='bbox 459 2261 516 2318; x_wconf 61' lang='lat' dir='ltr'>s«.</span> <span class='ocrx_word' id='word_1_96' title='bbox 534 2261 664 2318; x_wconf 76' lang='lat' dir='ltr'>amau</span> <span class='ocrx_word' id='word_1_97' title='bbox 680 2262 712 2314; x_wconf 78' lang='lat' dir='ltr'>l.</span> <span class='ocrx_word' id='word_1_98' title='bbox 730 2260 764 2314; x_wconf 87' lang='lat' dir='ltr'>v.</span> <span class='ocrx_word' id='word_1_99' title='bbox 780 2261 811 2314; x_wconf 78' lang='lat' dir='ltr'>u</span> <span class='ocrx_word' id='word_1_100' title='bbox 829 2259 954 2330; x_wconf 78' lang='lat' dir='ltr'>oocvl,</span> <span class='ocrx_word' id='word_1_101' title='bbox 971 2261 1039 2314; x_wconf 82' lang='grc' dir='ltr'>ιιιι</span> <span class='ocrx_word' id='word_1_102' title='bbox 1056 2261 1095 2317; x_wconf 78' lang='lat' dir='ltr'>ia</span> <span class='ocrx_word' id='word_1_103' title='bbox 1112 2261 1181 2316; x_wconf 71' lang='lat' dir='ltr'>sm.</span> 
     </span>
    </p>
   </div>
   <div class='ocr_carea' id='block_1_5' title="bbox 633 2476 1008 2545">
    <p class='ocr_par' dir='ltr' id='par_1_5' title="bbox 633 2476 1008 2545">
     <span class='ocr_line' id='line_1_15' title="bbox 633 2476 1008 2545; baseline -0.011 -1"><span class='ocrx_word' id='word_1_104' title='bbox 633 2477 778 2545; x_wconf 83' lang='lat' dir='ltr'>CICERO</span> <span class='ocrx_word' id='word_1_105' title='bbox 803 2476 953 2543; x_wconf 80' lang='lat' dir='ltr'>ATTICO</span> <span class='ocrx_word' id='word_1_106' title='bbox 977 2477 1008 2541; x_wconf 88' lang='lat' dir='ltr'>S.</span> 
     </span>
    </p>
   </div>
   <div class='ocr_carea' id='block_1_6' title="bbox 250 2692 1318 4038">
    <p class='ocr_par' dir='ltr' id='par_1_6' title="bbox 250 2692 1318 3936">
     <span class='ocr_line' id='line_1_16' title="bbox 376 2692 1318 2795; baseline -0.004 -23"><span class='ocrx_word' id='word_1_107' title='bbox 376 2725 387 2772; x_wconf 95' lang='grc' dir='ltr'>ι</span> <span class='ocrx_word' id='word_1_108' title='bbox 419 2699 520 2792; x_wconf 81' lang='lat' dir='ltr'>Quae</span> <span class='ocrx_word' id='word_1_109' title='bbox 553 2696 688 2774; x_wconf 88' lang='lat' dir='ltr'>dudum</span> <span class='ocrx_word' id='word_1_110' title='bbox 718 2696 765 2772; x_wconf 90' lang='lat' dir='ltr'>ad</span> <span class='ocrx_word' id='word_1_111' title='bbox 797 2721 874 2794; x_wconf 86' lang='lat' dir='ltr'>me,</span> <span class='ocrx_word' id='word_1_112' title='bbox 905 2707 958 2793; x_wconf 81' lang='lat' dir='ltr'>et,</span> <span class='ocrx_word' id='word_1_113' title='bbox 994 2717 1083 2795; x_wconf 86' lang='lat' dir='ltr'>quae</span> <span class='ocrx_word' id='word_1_114' title='bbox 1106 2692 1213 2766; x_wconf 78' lang='lat' dir='ltr'>etiam</span> <span class='ocrx_word' id='word_1_115' title='bbox 1237 2709 1318 2768; x_wconf 87' lang='lat' dir='ltr'>ante</span> 
     </span>
     <span class='ocr_line' id='line_1_17' title="bbox 319 2819 1316 2920; baseline -0.002 -26"><span class='ocrx_word' id='word_1_116' title='bbox 319 2821 401 2896; x_wconf 80' lang='lat' dir='ltr'>bis¹</span> <span class='ocrx_word' id='word_1_117' title='bbox 430 2823 476 2896; x_wconf 83' lang='lat' dir='ltr'>ad</span> <span class='ocrx_word' id='word_1_118' title='bbox 500 2821 654 2896; x_wconf 82' lang='lat' dir='ltr'>Tulliam</span> <span class='ocrx_word' id='word_1_119' title='bbox 680 2819 725 2892; x_wconf 85' lang='lat' dir='ltr'>de</span> <span class='ocrx_word' id='word_1_120' title='bbox 750 2846 806 2893; x_wconf 90' lang='lat' dir='ltr'>me</span> <span class='ocrx_word' id='word_1_121' title='bbox 832 2819 1016 2920; x_wconf 80' lang='lat' dir='ltr'>scripsisti,</span> <span class='ocrx_word' id='word_1_122' title='bbox 1039 2843 1080 2892; x_wconf 87' lang='lat' dir='ltr'>ea</span> <span class='ocrx_word' id='word_1_123' title='bbox 1104 2819 1216 2892; x_wconf 82' lang='lat' dir='ltr'>sentio</span> <span class='ocrx_word' id='word_1_124' title='bbox 1241 2843 1316 2892; x_wconf 82' lang='lat' dir='ltr'>esse</span> 
     </span>
     <span class='ocr_line' id='line_1_18' title="bbox 257 2943 1317 3031; baseline -0.004 -9"><span class='ocrx_word' id='word_1_125' title='bbox 257 2981 260 2996; x_wconf 90' lang='lat'><strong>·</strong></span> <span class='ocrx_word' id='word_1_126' title='bbox 320 2971 411 3022; x_wconf 76' lang='lat' dir='ltr'>vera.</span> <span class='ocrx_word' id='word_1_127' title='bbox 435 2949 491 3020; x_wconf 85' lang='lat' dir='ltr'>Eo</span> <span class='ocrx_word' id='word_1_128' title='bbox 517 2968 593 3020; x_wconf 81' lang='lat' dir='ltr'>aum</span> <span class='ocrx_word' id='word_1_129' title='bbox 619 2947 777 3020; x_wconf 75' lang='lat' dir='ltr'>miserior</span> <span class='ocrx_word' id='word_1_130' title='bbox 798 2947 886 3031; x_wconf 73' lang='lat' dir='ltr'>(elai</span> <span class='ocrx_word' id='word_1_131' title='bbox 912 2944 1003 3018; x_wconf 87' lang='lat' dir='ltr'>nihil</span> <span class='ocrx_word' id='word_1_132' title='bbox 1027 2943 1210 3025; x_wconf 78' lang='lat' dir='ltr'>videbatur</span> <span class='ocrx_word' id='word_1_133' title='bbox 1234 2943 1317 3019; x_wconf 86' lang='lat' dir='ltr'>addi</span> 
     </span>
     <span class='ocr_line' id='line_1_19' title="bbox 318 3069 1316 3176; baseline -0.003 -29"><span class='ocrx_word' id='word_1_134' title='bbox 318 3083 465 3176; x_wconf 80' lang='lat' dir='ltr'>posse),</span> <span class='ocrx_word' id='word_1_135' title='bbox 495 3071 594 3174; x_wconf 85' lang='lat' dir='ltr'>quod</span> <span class='ocrx_word' id='word_1_136' title='bbox 627 3070 712 3143; x_wconf 87' lang='lat' dir='ltr'>mihi</span> <span class='ocrx_word' id='word_1_137' title='bbox 744 3095 819 3144; x_wconf 87' lang='lat' dir='ltr'>uon</span> <span class='ocrx_word' id='word_1_138' title='bbox 852 3069 964 3144; x_wconf 91' lang='lat' dir='ltr'>modo</span> <span class='ocrx_word' id='word_1_139' title='bbox 987 3071 1091 3144; x_wconf 80' lang='lat' dir='ltr'>irasci</span> <span class='ocrx_word' id='word_1_140' title='bbox 1116 3072 1316 3170; x_wconf 71' lang='lat' dir='ltr'>gravissima</span> 
     </span>
     <span class='ocr_line' id='line_1_20' title="bbox 317 3193 1316 3298; baseline -0.004 -24"><span class='ocrx_word' id='word_1_141' title='bbox 317 3199 442 3274; x_wconf 84' lang='lat' dir='ltr'>iniuria</span> <span class='ocrx_word' id='word_1_142' title='bbox 468 3209 612 3298; x_wconf 82' lang='lat' dir='ltr'>accepta</span> <span class='ocrx_word' id='word_1_143' title='bbox 630 3211 656 3294; x_wconf 76' lang='lat'>‘,</span> <span class='ocrx_word' id='word_1_144' title='bbox 688 3193 751 3270; x_wconf 85' lang='lat' dir='ltr'>sed</span> <span class='ocrx_word' id='word_1_145' title='bbox 783 3221 828 3268; x_wconf 85' lang='lat' dir='ltr'>ne</span> <span class='ocrx_word' id='word_1_146' title='bbox 857 3195 976 3270; x_wconf 85' lang='lat' dir='ltr'>dolere</span> <span class='ocrx_word' id='word_1_147' title='bbox 1002 3194 1144 3297; x_wconf 82' lang='lat' dir='ltr'>quidem</span> <span class='ocrx_word' id='word_1_148' title='bbox 1173 3198 1316 3297; x_wconf 78' lang='lat' dir='ltr'>impune</span> 
     </span>
     <span class='ocr_line' id='line_1_21' title="bbox 315 3319 1317 3424; baseline -0.006 -22"><span class='ocrx_word' id='word_1_149' title='bbox 315 3325 408 3402; x_wconf 82' lang='lat' dir='ltr'>licet.</span> <span class='ocrx_word' id='word_1_150' title='bbox 435 3325 552 3420; x_wconf 85' lang='lat' dir='ltr'>Quare</span> <span class='ocrx_word' id='word_1_151' title='bbox 578 3321 673 3396; x_wconf 74' lang='lat' dir='ltr'>istud</span> <span class='ocrx_word' id='word_1_152' title='bbox 692 3322 851 3395; x_wconf 83' lang='lat' dir='ltr'>seramus.</span> <span class='ocrx_word' id='word_1_153' title='bbox 868 3319 977 3414; x_wconf 87' lang='lat' dir='ltr'>Quod</span> <span class='ocrx_word' id='word_1_154' title='bbox 994 3347 1102 3424; x_wconf 90' lang='lat' dir='ltr'>quum</span> <span class='ocrx_word' id='word_1_155' title='bbox 1119 3319 1317 3422; x_wconf 82' lang='lat' dir='ltr'>tulerimus,</span> 
     </span>
     <span class='ocr_line' id='line_1_22' title="bbox 318 3445 1317 3548; baseline -0.01 -18"><span class='ocrx_word' id='word_1_156' title='bbox 318 3467 436 3530; x_wconf 80' lang='lat' dir='ltr'>lamen</span> <span class='ocrx_word' id='word_1_157' title='bbox 460 3449 584 3526; x_wconf 80' lang='lat' dir='ltr'>eadem</span> <span class='ocrx_word' id='word_1_158' title='bbox 609 3460 713 3523; x_wconf 78' lang='lat' dir='ltr'>erunt</span> <span class='ocrx_word' id='word_1_159' title='bbox 735 3445 984 3548; x_wconf 76' lang='lat' dir='ltr'>perpetienda,</span> <span class='ocrx_word' id='word_1_160' title='bbox 1008 3471 1099 3548; x_wconf 81' lang='lat' dir='ltr'>quae</span> <span class='ocrx_word' id='word_1_161' title='bbox 1124 3461 1180 3548; x_wconf 79' lang='lat' dir='ltr'>tu,</span> <span class='ocrx_word' id='word_1_162' title='bbox 1199 3473 1245 3520; x_wconf 85' lang='lat' dir='ltr'>ne</span> <span class='ocrx_word' id='word_1_163' title='bbox 1262 3474 1317 3521; x_wconf 86' lang='lat' dir='ltr'>ac·</span> 
     </span>
     <span class='ocr_line' id='line_1_23' title="bbox 316 3573 1316 3682; baseline -0.008 -26"><span class='ocrx_word' id='word_1_164' title='bbox 316 3579 455 3682; x_wconf 74' lang='lat' dir='ltr'>cidari,</span> <span class='ocrx_word' id='word_1_165' title='bbox 479 3593 519 3656; x_wconf 84' lang='lat' dir='ltr'>ut</span> <span class='ocrx_word' id='word_1_166' title='bbox 543 3599 748 3674; x_wconf 78' lang='lat' dir='ltr'>caveamus,</span> <span class='ocrx_word' id='word_1_167' title='bbox 771 3597 903 3647; x_wconf 75' lang='lat' dir='ltr'>mones.</span> <span class='ocrx_word' id='word_1_168' title='bbox 930 3573 983 3646; x_wconf 89' lang='lat' dir='ltr'>Ea</span> <span class='ocrx_word' id='word_1_169' title='bbox 1009 3573 1101 3648; x_wconf 84' lang='lat' dir='ltr'>enim</span> <span class='ocrx_word' id='word_1_170' title='bbox 1130 3587 1184 3646; x_wconf 84' lang='lat' dir='ltr'>est</span> <span class='ocrx_word' id='word_1_171' title='bbox 1209 3599 1230 3650; x_wconf 88' lang='lat' dir='ltr'>a</span> <span class='ocrx_word' id='word_1_172' title='bbox 1255 3598 1316 3648; x_wconf 89' lang='lat' dir='ltr'>no·</span> 
     </span>
     <span class='ocr_line' id='line_1_24' title="bbox 250 3699 1315 3805; baseline -0.007 -22"><span class='ocrx_word' id='word_1_173' title='bbox 250 3752 257 3770; x_wconf 58' lang='grc' dir='ltr'>ι</span> <span class='ocrx_word' id='word_1_174' title='bbox 316 3705 372 3782; x_wconf 82' lang='lat' dir='ltr'>bia</span> <span class='ocrx_word' id='word_1_175' title='bbox 398 3719 579 3784; x_wconf 69' lang='lat' dir='ltr'>contracta</span> <span class='ocrx_word' id='word_1_176' title='bbox 604 3701 722 3805; x_wconf 81' lang='lat' dir='ltr'>culpa,</span> <span class='ocrx_word' id='word_1_177' title='bbox 748 3713 789 3774; x_wconf 80' lang='lat' dir='ltr'>ut</span> <span class='ocrx_word' id='word_1_178' title='bbox 812 3699 910 3774; x_wconf 89' lang='lat' dir='ltr'>omni</span> <span class='ocrx_word' id='word_1_179' title='bbox 934 3713 1047 3800; x_wconf 72' lang='lat' dir='ltr'>aratu,</span> <span class='ocrx_word' id='word_1_180' title='bbox 1071 3701 1239 3801; x_wconf 80' lang='lat' dir='ltr'>omniqua</span> <span class='ocrx_word' id='word_1_181' title='bbox 1255 3725 1315 3802; x_wconf 81' lang='lat' dir='ltr'>po</span> 
     </span>
     <span class='ocr_line' id='line_1_25' title="bbox 317 3823 1202 3936; baseline -0.014 -25"><span class='ocrx_word' id='word_1_182' title='bbox 317 3831 437 3936; x_wconf 74' lang='lat' dir='ltr'>pu10⁸</span> <span class='ocrx_word' id='word_1_183' title='bbox 461 3831 625 3910; x_wconf 77' lang='lat' dir='ltr'>eumdem</span> <span class='ocrx_word' id='word_1_184' title='bbox 649 3831 781 3906; x_wconf 66' lang='lat' dir='ltr'>axium</span> <span class='ocrx_word' id='word_1_185' title='bbox 806 3823 969 3900; x_wconf 84' lang='lat' dir='ltr'>habitura</span> <span class='ocrx_word' id='word_1_186' title='bbox 995 3827 1164 3902; x_wconf 80' lang='lat' dir='ltr'>videatur.</span> <span class='ocrx_word' id='word_1_187' title='bbox 1199 3866 1202 3875; x_wconf 94' lang='lat'><em>·</em></span> 
     </span>
    </p>

    <p class='ocr_par' dir='ltr' id='par_1_7' title="bbox 369 3951 1315 4038">
     <span class='ocr_line' id='line_1_26' title="bbox 369 3951 1315 4038; baseline -0.011 -2"><span class='ocrx_word' id='word_1_188' title='bbox 369 3991 388 4036; x_wconf 84' lang='lat' dir='ltr'>a</span> <span class='ocrx_word' id='word_1_189' title='bbox 415 3961 484 4038; x_wconf 83' lang='lat' dir='ltr'>Sed</span> <span class='ocrx_word' id='word_1_190' title='bbox 510 3961 556 4036; x_wconf 86' lang='lat' dir='ltr'>ad</span> <span class='ocrx_word' id='word_1_191' title='bbox 582 3985 696 4036; x_wconf 85' lang='lat' dir='ltr'>meam</span> <span class='ocrx_word' id='word_1_192' title='bbox 722 3977 865 4032; x_wconf 88' lang='lat' dir='ltr'>manum</span> <span class='ocrx_word' id='word_1_193' title='bbox 890 3951 996 4030; x_wconf 75' lang='lat' dir='ltr'>redeo</span> <span class='ocrx_word' id='word_1_194' title='bbox 1012 3951 1043 4027; x_wconf 83' lang='lat' dir='ltr'>l:</span> <span class='ocrx_word' id='word_1_195' title='bbox 1069 3953 1197 4028; x_wconf 88' lang='lat' dir='ltr'>dehinc</span> <span class='ocrx_word' id='word_1_196' title='bbox 1222 3954 1315 4028; x_wconf 81' lang='lat' dir='ltr'>enim</span> 
     </span>
    </p>
   </div>
   <div class='ocr_carea' id='block_1_7' title="bbox 0 0 1454 4962">
    <p class='ocr_par' dir='ltr' id='par_1_8' title="bbox 0 0 1454 4962">
     <span class='ocr_line' id='line_1_27' title="bbox 0 0 1454 4962; baseline 0 3"><span class='ocrx_word' id='word_1_197' title='bbox 0 0 1454 4962; x_wconf 95' lang='lat' dir='ltr'> </span> 
     </span>
    </p>
   </div>
  </div>
 </body>
</html>
