2898 4956
334 415 404 492 252
655 437 826 488 arraroaa
852 439 994 492 courir.
1119 441 1199 492 ev.
1216 445 1246 496 c.
1263 457 1309 508 m

332 543 498 618 di101es
522 551 631 642 esset,
662 567 708 614 an
741 541 938 642 Mitylenis,
971 556 1033 617 aut
1066 541 1184 618 lllrodi
1214 547 1335 624 mallee

329 672 458 746 vivere.
494 668 565 742 Sed
590 693 699 772 quum
723 672 773 742 ita
797 668 868 744 late
893 684 1015 772 pateat
1046 672 1121 746 eius
1155 687 1334 775 potestas,

327 821 435 900 quern
459 819 635 894 veremur,
660 809 702 869 ut
726 809 895 870 terrarum
921 797 1045 872 orbem
1070 798 1258 901 complexa
1274 801 1335 901 sit3

328 948 448 998 nonne
471 923 586 996 mavis
611 921 686 996 sine
710 919 869 1024 periculo
894 921 991 996 domi
1015 937 1097 998 tuae
1117 949 1212 1028 esse,
1229 953 1336 1030 quam

327 1077 410 1124 cum
433 1047 591 1152 periculo
620 1045 775 1124 alienae?
806 1047 1001 1156 Equidem,
1033 1053 1140 1126 etiam
1166 1051 1196 1126 si
1221 1080 1334 1156 oppe-

327 1177 436 1252 tenda
461 1203 555 1252 mors
586 1189 694 1276 esset,
720 1176 818 1250 domi
843 1190 949 1279 atque
973 1178 1012 1250 in
1036 1177 1152 1279 patria
1175 1179 1337 1284 mallem,

327 1331 435 1406 quam
465 1305 503 1378 in
535 1304 686 1378 extemis
711 1316 818 1406 atque
847 1302 970 1378 alienis
1002 1303 1100 1380 locis.
1132 1307 1214 1390 Hee
1234 1307 1335 1383 idem

325 1458 467 1532 omnes,
491 1433 552 1535 qui
569 1446 605 1504 te
622 1430 787 1531 diligunt,
812 1433 985 1532 sentiuut5
1010 1459 1161 1536 quorum
1186 1449 1244 1508 est
1262 1461 1333 1510 ma-

325 1555 410 1661 gni,
436 1586 504 1663 pro
536 1561 606 1634 tuis
637 1559 797 1633 maximia
829 1557 1097 1662 clarissimisque
1123 1561 1334 1664 virtutibus,

324 1685 525 1761 multitudo.
549 1683 730 1758 Habemus
755 1683 862 1758 etiam
879 1687 1053 1760 rationem
1077 1687 1129 1760 rei
1153 1685 1332 1763 familiaris

324 1827 424 1914 tuae,
448 1839 554 1918 quam
587 1807 750 1914 dissipari
774 1808 940 1886 nolumus
960 1823 999 1885 ¹¹.
1025 1809 1117 1886 Nam
1153 1813 1222 1888 etsi
1254 1815 1332 1890 nul·

323 1940 395 2014 lam
410 1953 532 2043 potest
556 1939 716 2040 accipere
741 1937 922 2040 iniuriam,
947 1965 1037 2044 quae
1062 1937 1178 2014 lutura
1204 1967 1332 2044 perpe-

324 2081 387 2140 tua
410 2067 476 2166 rit3
500 2080 690 2168 propterea
715 2064 813 2167 quod
837 2091 952 2168 neque
977 2067 1026 2166 is,
1049 2067 1110 2168 qui
1135 2080 1236 2142 tenet
1258 2095 1330 2142 rem

322 2191 524 2296 publicum,
548 2193 703 2294 patietur
721 2208 764 2286 ¹²,
786 2217 902 2295 neque
927 2193 1003 2294 ipsa
1029 2193 1263 2295 respublica:
1281 2209 1331 2268 ta·
1435 2229 1436 2252 ι

323 2345 407 2396 meu
428 2322 613 2423 impetum¹
627 2319 847 2422 praedonum
880 2320 918 2392 in
951 2334 1029 2394 tuas
1060 2320 1221 2395 fortunas
1253 2323 1328 2396 lieri

324 2448 418 2524 nolo.
442 2449 491 2523 Hi
515 2463 634 2523 autem
659 2449 720 2550 qui
751 2460 869 2522 essem
887 2448 928 2546 ¹³,
953 2445 1119 2520 auderem
1152 2448 1329 2547 scribere,

322 2579 391 2652 nisi
414 2589 450 2652 te
473 2572 666 2678 intelligere
690 2572 926 2655 confiderem„
939 2569 1016 2680 Hic·
1034 2588 1070 2648 te
1089 2571 1120 2640 ¹⁴
1145 2575 1251 2648 unius
1272 2601 1329 2649 so·

321 2703 532 2804 licitudines‚
555 2706 661 2778 uuius
685 2705 792 2776 etiam
816 2699 948 2775 multae
973 2713 1010 2774 et
1035 2701 1195 2774 assiduae
1212 2701 1328 2802 lacry-

320 2857 400 2908 mae
424 2833 464 2908 G.
488 2829 663 2928 Marcelli,
686 2829 801 2904 fratris
826 2830 968 2930 optimi,
987 2828 1242 2930 deprecantur5
1262 2855 1326 2904 uos

322 2983 406 3034 eura
430 2972 467 3032 et
491 2956 615 3032 dolore
631 2958 784 3057 proximi
800 2977 937 3055 sumus,
956 2955 1121 3057 precibus
1137 2955 1327 3056 tardiores,

321 3083 419 3190 quod
443 3085 497 3159 ius
522 3082 676 3158 adeundi
690 3084 732 3181 ¹⁶,
747 3107 856 3184 quum
872 3084 941 3183 ipsi
957 3082 1207 3185 deprecatione
1224 3109 1325 3184 egue-

322 3217 430 3290 rimus
449 3215 490 3313 ¹⁶,
513 3236 587 3286 nou
611 3209 790 3284 habemus.
816 3209 938 3282 Gratia
963 3221 1103 3283 tautum
1121 3198 1325 3310 possumus,

324 3357 495 3448 quantum
519 3339 621 3416 vieti:
646 3337 709 3412 sed
734 3349 852 3410 tamen
877 3335 1043 3437 consilio,
1068 3335 1206 3438 studit),
1232 3338 1322 3411 Mar·

323 3467 413 3548 cello
436 3493 510 3545 non
541 3466 715 3543 desumus.
740 3463 773 3537 Α
796 3459 866 3536 tuis
897 3461 1039 3566 reliquis
1070 3489 1146 3539 nou
1178 3463 1320 3540 adhibe·

321 3627 403 3681 mur
421 3615 464 3701 u,
487 3593 535 3674 ad
558 3595 677 3672 omnia
701 3588 816 3696 parati
841 3614 970 3668 aramus.
995 3587 1094 3668 Vale.
