2880 4956
657 389 859 484 'saumas
884 431 977 484 nutv.
1104 431 1134 483 s.
1153 437 1185 484 v.
1203 439 1231 484 c.
1249 433 1292 498 ,α

467 659 521 710 Ser.
541 659 668 712 Brundisii
688 663 716 714 A.
735 660 768 714 V.
787 657 817 718 0
835 657 958 727 Dccvl,
977 661 1016 712 lll
1036 661 1101 714 Non.
1122 663 1176 714 lau.

389 753 417 804 C.
438 753 505 804 lulio
523 752 630 805 Caesare
650 756 798 824 Dietstore,
811 755 848 808 ll.
862 757 974 808 Antonio
994 757 1113 824 Magistro
1130 757 1256 826 equitum.

641 971 785 1044 ClCERO
810 981 959 1046 ATTICO
986 979 1016 1044 S.

376 1193 389 1242 1
419 1163 497 1270 Ego
528 1193 613 1242 vero
640 1175 677 1240 et
701 1167 855 1268 incaute,
882 1180 922 1242 ut
947 1163 1084 1268 scribis,
1105 1181 1142 1241 et
1166 1167 1322 1264 celeu'us,

325 1321 431 1397 quam
459 1295 637 1396 oportuit,
653 1293 719 1368 leci
735 1311 766 1394 ¹3
782 1321 849 1368 neu
865 1297 903 1368 iu
919 1293 988 1370 ulla
1006 1323 1083 1368 sum
1100 1287 1179 1396 spe,
1195 1297 1321 1397 quippe
1421 1339 1422 1348 κ

324 1423 387 1522 qui
424 1418 691 1520 exceptionibus
723 1419 952 1494 edictorum¹
982 1422 1150 1495 retineas:
1184 1447 1271 1523 quae
1294 1423 1321 1494 si
1421 1467 1422 1470 =

326 1571 402 1620 nou
432 1559 551 1618 essent
574 1544 761 1618 sedulitate
777 1545 939 1645 effectae,
954 1561 991 1622 et
1005 1546 1237 1621 benivolentia
1255 1561 1323 1641 tua,

325 1671 449 1750 liceret
473 1667 560 1744 mihi
586 1667 683 1746 abire
708 1674 746 1752 in
771 1671 976 1748 solitudines
1000 1673 1141 1776 aliquas.
1164 1674 1266 1748 Nunc
1282 1697 1323 1746 ue

327 1797 366 1872 id
392 1791 536 1900 quidem
571 1797 655 1872 lieet
672 1797 696 1872 θ.
735 1799 834 1892 Quid
865 1815 983 1874 autem
1015 1819 1072 1874 me
1095 1795 1208 1900 iuvat,
1233 1801 1324 1902 quud

327 1937 410 1998 ente
443 1923 569 1999 initum
604 1923 821 2000 tribunatum
854 1929 935 2002 veni
951 1927 982 2028 4,
1015 1927 1044 2000 si
1073 1927 1208 2028 ipsum,
1233 1926 1324 2028 quod

324 2051 431 2152 veui,
456 2050 546 2123 nihil
571 2051 689 2126 iuvatl
713 2050 788 2124 Iam
815 2052 902 2155 quid
927 2079 1062 2154 sperem
1090 2051 1133 2128 ab
1158 2078 1200 2126 eo
1219 2055 1245 2152 ⁵,
1268 2051 1325 2154 qui

305 2167 307 2181 '
324 2178 412 2252 mihi
432 2179 566 2254 amicus
582 2205 775 2281 numquam
792 2180 874 2280 suit3
892 2206 1000 2283 quum
1019 2184 1090 2256 iam
1105 2180 1207 2280 lege⁶
1224 2182 1325 2255 etium
1421 2259 1422 2262 Ἴ

328 2306 396 2380 sim
430 2305 611 2380 conlectus
641 2319 679 2379 et
707 2305 918 2407 opptessusl
942 2309 1111 2401 Quotidie
1135 2309 1204 2380 iam
1228 2305 1325 2382 Bulbi
1421 2307 1422 2376 ]

192 2501 197 2518 ,
327 2429 374 2508 ad
399 2455 457 2506 ms
481 2431 604 2508 literae
627 2431 881 2532 languidiorem
914 2432 1113 2536 multaeque
1139 2433 1325 2507 multotum
1421 2527 1422 2532 ἵ

327 2555 374 2634 sd
406 2559 527 2660 illum,
565 2559 712 2635 sortasse
745 2573 868 2634 eontra
901 2581 967 2633 me.
997 2555 1078 2634 Meo
1103 2555 1188 2634 uitio
1212 2577 1324 2660 petuo.

325 2681 422 2758 Nihil
446 2686 535 2759 mihi
561 2685 644 2760 mali
669 2704 797 2760 casus⁷
825 2686 960 2760 attulit:
986 2688 1102 2761 omnia
1128 2683 1232 2787 culpa
1249 2711 1325 2760 cuu-

328 2821 439 2882 tracta
466 2823 557 2882 sunt.

379 2933 504 3031 aEgo
532 2932 625 3006 enim
638 2986 648 3033 ‚
682 2961 790 3038 quum
825 2962 933 3035 genus
962 2938 1043 3011 belli
1069 2938 1240 3037 viderem,
1263 2939 1323 3009 im·

326 3071 450 3158 perata
477 3069 514 3132 et
537 3059 674 3132 infirma
701 3063 817 3134 omnia
845 3079 966 3138 contra
993 3065 1247 3164 paratissimos3
1266 3063 1325 3136 sci·

327 3209 466 3289 veram,
483 3184 581 3288 quod
598 3185 778 3286 facerem⁸‚
795 3215 1025 3293 ceperamque
1050 3189 1232 3266 consilium
1256 3213 1324 3263 uun

328 3323 400 3386 tem
427 3311 536 3412 sorta,
568 3337 675 3414 quum
699 3315 786 3389 mihi
811 3331 950 3418 praeter
974 3327 1109 3392 ceteros
1133 3315 1325 3390 eonceden-

328 3435 422 3513 dum·
457 3437 555 3514 Cessi
588 3443 675 3515 meis
692 3455 719 3542 9,
752 3441 809 3516 vel
842 3447 961 3546 potius
987 3445 1107 3544 parui:
1136 3439 1324 3545 exquibus

326 3589 418 3640 unus
445 3591 513 3670 qua
540 3581 659 3642 mente
691 3570 817 3670 fuerit,
849 3573 903 3672 is,
928 3597 1032 3674 quem
1057 3585 1096 3644 tu
1122 3567 1208 3642 mihi
1233 3593 1325 3644 com·

326 3692 473 3766 mendas
493 3709 534 3794 ¹⁰,
566 3719 757 3794 cognosces
791 3724 834 3771 ex
865 3697 974 3799 ipsius
1008 3697 1138 3794 literis,
1170 3721 1257 3797 quas
1282 3693 1324 3766 ad

327 3827 379 3914 te,
404 3831 440 3890 et
466 3819 511 3893 ad
537 3819 623 3895 alios
649 3823 760 3923 misit;
777 3850 864 3926 quas
883 3850 948 3924 ego
964 3849 1155 3926 numquam
1177 3823 1324 3922 apemis·

327 3967 419 4042 sem,
445 3945 511 4018 uisi
539 3975 595 4022 res
622 3963 699 4024 acta
726 3951 776 4023 sic
793 3967 820 4001 ¹¹
849 3965 948 4024 esset.
975 3949 1118 4024 Delatus
1140 3961 1192 4046 est
1213 3948 1259 4022 ad
1275 3971 1328 4018 me
