2910 4962
321 405 395 503 398
673 419 846 470 trinum
871 421 966 469 nxrr.
1099 420 1133 468 ι
1149 422 1183 468 r.
1199 425 1230 470 c.
1247 436 1294 484 m

321 525 629 622 committendum,
652 523 882 626 quamobrem
906 549 1047 622 eornm,
1069 550 1160 625 quus
1183 524 1322 623 laudas,

320 673 356 730 te
372 679 446 728 nun
460 651 710 728 simillimnm²¹
728 650 906 752 praebeas
923 650 995 724 Sed
1010 649 1099 723 haee
1115 652 1231 726 oratio
1246 679 1318 726 ma·

320 784 372 882 gis
397 795 488 855 esset
511 794 595 881 apta
620 779 667 852 ad
690 779 749 852 illa
771 793 949 879 tempora,
964 803 1055 880 quae
1069 780 1143 850 iam
1158 777 1319 878 effugisti.

319 911 423 985 Nunc
447 935 532 983 veru
558 922 695 982 tanmm
720 921 756 980 te
780 935 868 1009 para
900 907 1059 981 adhaec
1075 923 1108 956 ²²
1133 908 1319 982 nubisemn

320 1035 483 1111 serenda:
514 1035 641 1138 quibus
671 1061 737 1134 ego
761 1037 791 1108 si
815 1063 922 1138 quam
946 1033 1158 1108 medicinam
1180 1037 1318 1108 inveni-

319 1191 409 1264 rem,
434 1162 499 1236 tibi
514 1189 654 1266 quoque
670 1163 833 1236 eamdem
850 1161 1031 1236 traderem
1048 1161 1120 1235 Sed
1136 1176 1192 1236 eut
1208 1189 1317 1235 unum

318 1291 530 1392 perfugium,
552 1289 714 1364 doctrina
738 1315 781 1364 ac
804 1289 943 1387 literae,
958 1288 1086 1391 quihus
1106 1313 1248 1389 setnper
1263 1288 1318 1362 usi

320 1441 455 1490 eumue:
479 1442 569 1518 quae
593 1416 756 1490 secundis
780 1416 885 1490 rebus
913 1415 1183 1490 delectationem
1206 1415 1318 1488 modo

318 1541 448 1616 habere
471 1542 697 1644 videbantur,
719 1569 815 1618 nunc
831 1569 917 1618 vem
934 1545 1042 1616 etiam
1056 1542 1215 1616 salutem
1232 1539 1317 1637 sed,

320 1681 360 1742 ut
384 1669 431 1741 ad
453 1669 593 1743 initium
616 1683 788 1772 revertar,
812 1697 899 1746 cave
923 1671 1081 1770 dubites,
1097 1671 1184 1771 quin
1200 1669 1317 1742 omnia

320 1795 364 1870 de
387 1795 499 1870 salute
523 1808 565 1872 a'c
590 1795 635 1871 de
659 1797 775 1872 reditu
800 1811 863 1872 tuo
887 1799 1043 1899 perfecta
1068 1799 1148 1870 sint.

748 2051 866 2124 DXV.
1037 2093 1092 2152 (tu
1106 2091 1159 2138 au
1174 2091 1237 2151 xit,
1253 2091 1295 2148 n)

317 2227 536 2309 Argumentum.
557 2229 617 2290 seii
638 2239 768 2291 mortem
790 2229 974 2302 dolendam,
1003 2229 1055 2292 sed
1080 2229 1255 2290 humaniter
1273 2227 1316 2288 fe-

357 2335 500 2414 rendam3
531 2335 604 2418 quid
635 2347 705 2418 ngat
732 2341 764 2398 in
792 2348 898 2398 renutu
931 2336 988 2397 sibi
1009 2336 1216 2418 quaerendum
1236 2355 1316 2408 esse3

356 2441 486 2526 denique
515 2443 591 2506 nihil
612 2467 643 2506 se
664 2445 702 2506 de
721 2445 860 2528 Pompeii
888 2445 973 2518 filia,
999 2445 1119 2526 elinque
1146 2443 1316 2505 conditione

357 2553 460 2612 uxorin
481 2552 538 2614 ribi
559 2551 661 2616 obiatu
682 2555 816 2636 cogitare
837 2551 949 2614 scribit.

579 2767 632 2822 Ser.
650 2769 757 2823 invilla
774 2770 806 2822 Δ.
823 2767 856 2821 V.
875 2769 903 2824 C.
921 2767 1052 2822 DCCVH.

625 2966 770 3032 CICERO
795 2967 946 3032 ATTICO
971 2969 1001 3032 S.

363 3176 456 3253 Male
481 3177 525 3253 de
551 3179 629 3255 Seio
650 3197 672 3252 ¹.
698 3181 769 3254 Sed
792 3183 910 3256 omniu
935 3180 1089 3256 humana
1117 3179 1308 3278 tolerabilia

315 3301 485 3380 ducenda.
517 3307 589 3408 Ipsi
621 3309 714 3382 enim
747 3309 833 3412 quid
864 3307 1010 3384 sumus?
1034 3321 1095 3383 aut
1119 3335 1228 3411 quam
1253 3305 1309 3380 diu

314 3430 401 3504 haec
426 3435 578 3508 curaturi
602 3435 742 3510 sumus?
766 3438 820 3511 Eu
845 3436 1041 3536 videamus,
1068 3461 1158 3538 quae
1184 3433 1231 3508 ad
1246 3457 1308 3506 nus

312 3561 422 3660 magis
446 3563 640 3665 pertinent,
663 3589 730 3638 nec
756 3575 873 3638 tamen
898 3563 1047 3639 mult02:
1065 3561 1151 3665 quid
1168 3585 1307 3662 agamus

313 3683 357 3759 de
382 3700 506 3762 senatu
522 3689 546 3762 ³.
571 3691 635 3790 Et,
660 3703 769 3764 utne
796 3691 882 3792 quid
905 3691 1202 3791 praetermittam,
1227 3687 1308 3761 Cae-

310 3813 429 3886 eonius
453 3814 580 3890 adme
605 3815 722 3892 literas
748 3819 859 3918 misit,
883 3818 1103 3893 Postumiam
1128 3809 1307 3916 Sulpiciit

312 3935 455 4014 domum
480 3939 527 4018 ad
551 3969 587 4018 se
612 3945 749 4022 venisse
766 3945 790 4015 ⁵.
815 3943 868 4019 De
894 3944 1055 4046 Pompeii
1080 3941 1200 4041 Magni
1225 3936 1306 4036 filia,
