2932 4954
531 379 567 426 ts
594 375 782 426 errsronts
1082 356 1153 431 553

191 485 297 566 uliquis
317 503 378 544 non
398 477 568 542 offendatur
587 501 685 560 neque
705 478 857 562 laedetur·;
872 479 902 540 id
924 479 1034 542 fuctum
1057 493 1156 544 tnnrcn

192 613 253 652 non
273 590 402 676 probet,
426 600 479 650 aut
498 587 529 648 id
550 588 631 650 nolit.
653 588 702 648 Sic
722 588 784 648 fere
805 588 910 650 Lumb.
931 589 987 650 Alii
1008 591 1093 652 aliter
1112 592 1157 654 ic-

191 711 283 781 gnnt,
304 710 334 760 et
354 697 520 780 explanent
541 695 625 756 Libri
645 706 715 758 vett.
736 695 907 780 aliquot,nt
922 697 988 760 cod.
1003 699 1072 758 Rec
1087 699 1155 760 edd.

191 809 278 868 Rom.
295 806 398 883 Grue,
411 825 464 884 ego
478 823 544 864 vero
560 803 579 864 l.
593 803 726 887 uli'quem
745 823 803 862 nnn
822 802 954 886 offendor
970 804 1078 866 Ambb.
1093 805 1156 868 duo

189 935 257 974 eum
274 933 366 996 porro
386 910 440 994 off.
460 911 655 995 Murt²Lng.,
669 931 760 994 quern
780 913 914 992 sequitur
934 910 1051 972 Schtitz.
1065 912 1157 974 Hunc

189 1041 281 1104 pono
301 1019 354 1102 eff
372 1031 401 1080 et
421 1017 539 1102 supplet
558 1017 682 1102 quidsi
700 1037 759 1078 non
771 1019 832 1079 volt
847 1017 1006 1082 Caesarem
1020 1019 1157 1103 offiadi?

150 1150 187 1190 αι
212 1130 341 1212 Respicit
360 1128 460 1189 locum
482 1130 512 1187 in
533 1126 619 1186 Oret.
640 1147 665 1186 c
684 1147 733 1188 to:
749 1125 858 1210 Itaque
878 1128 934 1187 hoc
954 1150 1020 1188 sum
1039 1151 1157 1210 aggres-

192 1259 244 1298 sus
263 1237 362 1297 statim
386 1235 497 1296 Cotem
516 1232 675 1309 absono,
701 1255 789 1318 quem
802 1236 907 1318 'ipsum
927 1255 1089 1318 nunqnam
1108 1249 1156 1296 ot-

192 1347 323 1426 tigiseem
341 1357 475 1426 temporo
495 1343 599 1402 durem
619 1343 742 1402 inimica
759 1343 870 1414 vimi,
884 1343 943 1402 nisi
959 1342 1011 1404 tibi
1029 1344 1157 1404 hortanti

191 1473 302 1512 -rrcn
320 1471 427 1534 parcre
446 1448 531 1531 nesus
550 1470 614 1510 esse
634 1447 799 1510 dimum
820 1447 939 1510 Schiitz.

152 1579 193 1619 cc
212 1561 283 1619 Msti
304 1557 439 1642 plerique
458 1555 557 1638 facite
588 1555 672 1638 quod
704 1577 799 1640 neque
828 1577 934 1618 verum
954 1577 1017 1618 esse
1037 1569 1155 1640 potest3

191 1687 261 1727 nom
282 1669 428 1726 sententie
446 1685 521 1726 vere
539 1665 651 1748 puriter
671 1673 716 1726 est
734 1666 766 1724 in
786 1684 910 1749 μενος
923 1665 977 1728 sed
992 1665 1076 1747 quod
1095 1665 1156 1726 edi·

190 1787 241 1834 tur
259 1773 433 1858 praeferunt
452 1772 515 1833 sere
535 1793 658 1849 omnes,
678 1783 713 1834 nt
733 1772 909 1834 Ciceronem
927 1776 1088 1855 praecipue
1109 1795 1156 1834 ro·

193 1885 316 1963 spiciet:
339 1883 431 1940 immo
450 1879 556 1940 Lumb.
578 1891 609 1940 et
629 1879 746 1940 Sohtitz.
768 1880 928 1942 ediderunt
948 1895 978 1942 tn
990 1881 1083 1961 sacis.

150 1990 191 2048 23
210 1989 316 2050 Exstat
336 1990 475 2048 nimirum
496 1989 592 2048 oratio
612 2007 668 2070 pro
689 1987 824 2050 Cuecins.
846 1989 917 2050 Mon
938 1990 1053 2063 sentire,
1073 1988 1157 2071 quod

192 2107 363 2178 suspectum
383 2098 442 2155 inm
463 2093 520 2156 tint
539 2095 691 2179 Ernesto,
710 2095 865 2158 Schiitcius
886 2095 1002 2159 delevit.
1017 2096 1157 2158 Guiicirn.

193 2201 369 2264 coniiciebet
388 2203 478 2263 sentis
497 2217 637 2286 oportere.
651 2205 754 2284 Neque
768 2203 851 2286 npud
863 2225 916 2264 noe
934 2215 1016 2266 curet
1035 2207 1157 2266 omnino

193 2311 375 2392 suspicione:
396 2311 493 2370 minus
514 2321 612 2370 tamen
633 2309 802 2370 dubitarem
815 2313 838 2370 si
854 2323 929 2372 esset
932 2311 1038 2392 sarcre
1051 2325 1155 2392 oport,

193 2417 276 2498 quod
306 2415 445 2497 maliem,
474 2427 509 2478 ut
533 2437 618 2500 prox.
639 2437 735 2498 prnec
751 2417 838 2496 sacis
858 2417 977 2478 videtur
997 2418 1155 2499 postulnrc.

192 2523 253 2584 Sed
275 2524 570 2586 animadvertendum
592 2535 650 2600 est,
664 2523 786 2585 hicnon
806 2523 979 2584 Ciceronem
1001 2526 1155 2606 scripsisse.

153 2629 196 2707 24
216 2629 419 2692 Cnimnnietor
440 2653 476 2691 ea
495 2628 580 2712 fingit
600 2651 677 2712 quae
698 2651 768 2692 vern
782 2651 844 2690 non
857 2643 933 2691 sunt
949 2631 1053 2691 Itidem
1069 2634 1157 2692 timor

193 2759 282 2820 saepe
312 2737 384 2798 satra
414 2741 573 2821 proponit,
605 2748 639 2796 ut
669 2749 748 2796 recte
774 2747 897 2819 propter
917 2737 1157 2820 similitudinem,

195 2846 348 2906 cahsmnia
368 2845 481 2906 timoris
502 2844 559 2906 dici
579 2847 679 2928 possit
705 2843 821 2906 Manus.
849 2843 934 2906 Conf.
961 2867 1007 2928 ep.
1030 2846 1157 2923 mxu,

196 2963 257 3013 not.
284 2953 328 3029 tq.
1155 2967 1158 2974 '

156 3059 194 3120 25
217 3059 282 3119 Hoc
303 3071 348 3120 cst
367 3060 496 3120 scribere
517 3058 556 3119 od
576 3059 664 3120 eiicni
685 3079 786 3122 sensus
816 3063 1038 3138 coniecturum,
1062 3062 1104 3120 itn
1123 3071 1157 3120 ut

193 3167 223 3224 in
244 3177 296 3226 tun
315 3169 461 3250 scripturn
481 3165 601 3226 ulterius
621 3169 737 3226 enimus
758 3169 933 3248 acquiescet.
956 3165 1089 3228 Eandem
1109 3167 1158 3226 di-

191 3275 235 3332 xit
254 3285 407 3354 tumqunrn
428 3295 466 3334 ex
487 3271 680 3357 difficultate,
701 3284 735 3334 ut
754 3273 829 3335 vidit
849 3274 1010 3334 Manutius.
1046 3257 1054 3279 '

154 3377 193 3440 26
212 3379 268 3461 Ep.
290 3379 526 3461 entxxvt,1.
548 3381 673 3440 riisrruna
692 3382 861 3454 necessitas,
883 3381 992 3442 scilicet
1012 3379 1102 3442 eundi
1123 3383 1154 3440 iu

193 3488 301 3546 Asiam.
325 3486 368 3548 Vt
388 3487 540 3569 imperasti
550 3487 632 3568 feci,
653 3507 768 3549 morem
790 3487 843 3548 tibi
864 3489 955 3571 gessi,
975 3490 1027 3570 qui
1049 3491 1104 3548 iter
1125 3487 1158 3546 ii·

193 3592 246 3652 tud
267 3593 339 3654 mihi
362 3595 530 3656 dissuasisti.

154 3719 191 3779 27
215 3699 280 3760 Hoc
300 3713 346 3762 est
364 3704 455 3764 nimio
476 3723 579 3764 umore
600 3707 673 3786 mei,
687 3703 733 3764 sei
747 3705 838 3766 nimio
859 3705 972 3786 impetu
993 3722 1090 3764 meum
1108 3723 1156 3762 re-

194 3810 374 3871 stitutionem
396 3809 578 3872 conficiendi.
603 3810 709 3874 Graec.

155 3909 195 3982 28
213 3915 405 3998 Mart-Lug„
425 3939 515 3999 quem
538 3922 672 4000 sequitur
687 3919 819 4002 Scirum,
833 3919 962 3980 correxit
975 3939 1063 4001 optes,-
1081 3917 1156 4011 hepo
