2898 4956
319 391 392 487 246
652 407 826 458 uersuum
848 409 994 457 entxru.
1100 407 1182 458 av.
1198 411 1228 458 e
1246 425 1293 474 ,ιη

317 517 456 616 clausit,
472 511 656 588 insinuabo
671 515 712 610 ²⁵,
729 525 767 585 et
782 525 877 586 certe
893 535 1016 584 omnes
1028 512 1103 585 vim
1119 537 1322 616 persequar,

318 643 445 748 quibua
470 639 605 743 putabo
635 639 682 715 ad
712 638 749 712 id
757 695 768 738 ,
799 637 897 740 quod
926 636 1106 738 volumus,
1136 642 1322 740 pervenire

317 795 432 872 posse.
461 769 504 840 In
529 765 599 840 hoe
631 779 709 841 toto
743 789 868 865 genere
899 763 1001 866 plura
1033 763 1183 864 faciam,
1216 793 1324 868 quam

319 893 470 970 seribere
496 891 619 966 audeo.
645 893 786 992 Cetera,
811 917 901 994 quae
927 889 990 964 tibi
1008 916 1028 963 a
1045 889 1165 966 multis
1181 907 1324 992 promta

319 1048 395 1096 esee
421 1033 519 1094 certo
543 1021 635 1118 scio,
659 1045 680 1092 a
704 1045 763 1094 me
790 1033 874 1092 sunt
903 1019 1130 1118 paratissima.
1164 1017 1265 1093 Nihil
1287 1021 1325 1094 in

245 1176 249 1189 ·
318 1174 357 1223 re
382 1145 541 1222 familiari
567 1172 645 1220 mea
677 1159 751 1244 est,
783 1144 880 1248 quod
912 1171 977 1245 ego
1007 1171 1125 1223 meum
1151 1144 1274 1219 malim
1292 1149 1324 1198 ²⁶

320 1299 412 1374 esee,
437 1299 544 1376 quam
569 1287 678 1348 tuum.
704 1272 782 1346 Hac
807 1271 853 1346 de
878 1297 915 1348 re
921 1327 933 1371 ,
957 1287 994 1346 et
1017 1271 1064 1346 de
1095 1271 1166 1346 hoo
1198 1299 1325 1372 genere

319 1415 417 1500 toto,
441 1399 511 1474 hoe
535 1399 652 1474 acribo
676 1400 834 1501 parcius,
857 1399 955 1502 qnod
979 1413 1014 1472 te
1040 1396 1097 1488 (id
1123 1399 1224 1500 quod
1248 1399 1326 1500 ipae

321 1525 485 1616 conlido)
509 1549 650 1627 sperare
674 1523 786 1626 malo,
802 1551 878 1600 erae
894 1551 1039 1599 usunrm
1055 1525 1124 1598 tuis
1138 1539 1179 1598 ²⁷.
1197 1527 1326 1599 Extre·

314 1647 420 1725 ¹mum
444 1649 531 1724 illud
557 1665 628 1752 eat‚·
651 1664 692 1725 ut
717 1665 752 1724 te
777 1677 874 1726 orem
888 1653 920 1703 ²⁸
937 1665 974 1724 et
990 1649 1188 1750 obsecrem,
1206 1651 1327 1725 animo

321 1792 364 1851 ut
380 1777 531 1852 maximo
556 1779 620 1853 sia:
645 1803 712 1852 neo
737 1804 778 1852 ea
804 1777 919 1852 solum
937 1779 1154 1878 memineris,
1171 1804 1264 1880 quae
1281 1777 1325 1850 ab

324 1903 401 1978 aliia
425 1905 562 2004 magnis
588 1905 670 1980 viris
695 1905 880 2006 accepisti,
905 1903 968 1978 sed
998 1903 1057 1977 illa
1087 1905 1213 2006 etiam,
1237 1930 1327 2007 quae

324 2031 400 2131 ipse
424 2031 565 2131 ingenio
590 2030 777 2136 studioque
802 2032 980 2132 peperisti
1005 2033 1106 2124 Quae
1122 2032 1152 2104 si
1170 2029 1327 2131 colligam

324 2169 362 2231 et
385 2156 543 2257 sperabis
568 2158 686 2232 omnia
703 2157 858 2258 optime,
872 2171 925 2258 et,
941 2183 1031 2260 quae
1048 2157 1231 2257 accident,
1246 2183 1327 2260 qua·
1438 2227 1439 2256 ¹

323 2281 522 2386 lineumque
546 2298 665 2385 enmt,
690 2284 867 2385 sapienter
883 2284 981 2359 feren.
1008 2284 1078 2357 Sed
1095 2283 1184 2358 haec
1202 2298 1244 2359 tu
1259 2311 1328 2358 me·
1438 2297 1439 2318 ¹

323 2409 408 2512 lius,
432 2411 489 2486 vel
514 2411 648 2513 optime
673 2411 840 2488 omnium.
867 2411 961 2510 Ego,
982 2437 1071 2513 quae
1089 2411 1268 2512 pertinere
1285 2411 1328 2485 ad

324 2549 361 2612 te
385 2537 594 2640 intelligam,
619 2538 873 2614 studiosissime
906 2537 1023 2612 omnia
1049 2537 1328 2638 diligentissime·

325 2690 395 2766 que
412 2660 570 2763 -ourabo3
600 2679 811 2768 tuorumque
844 2665 1043 2738 tristissimo
1061 2667 1157 2739 ‘meo
1190 2678 1328 2768 tempo-

325 2813 365 2862 re
381 2804 414 2855 ²⁹
438 2790 644 2864 meritorum
668 2817 750 2892 erga
778 2819 835 2866 me
867 2793 1073 2868 memoriam
1098 2793 1326 2870 conservabo.
1437 2821 1438 2828 ¹

325 2913 424 2988 Vale.

473 3182 477 3194 .
610 3197 612 3202 .
727 3169 921 3246 CDLXIV.
1072 3213 1126 3274 (Aa
1143 3215 1198 3263 nu.
1215 3217 1261 3278 w,
1276 3221 1305 3277 2)

326 3349 547 3427 Argrunenmm.
567 3348 609 3408 M.
629 3348 824 3422 hiemalium,
844 3351 895 3430 qui
924 3352 954 3409 in
982 3352 1140 3412 consulatu
1164 3353 1325 3416 Caesarem

364 3451 558 3516 vehementer
570 3455 822 3538 impugnaverat,
842 3473 923 3516 nuno
947 3457 1100 3540 Mitylenis
1125 3441 1327 3534 exsulanlerm

359 3573 397 3624 ¹et
408 3542 557 3646 perpetuo
569 3584 587 3624 a
601 3565 698 3644 patria
711 3560 815 3622 aberae
835 3561 987 3624 volentem
1007 3586 1188 3650 permovere
1210 3569 1325 3640 studet.

367 3668 493 3732 utbona
506 3689 577 3731 oum
591 3669 726 3730 Caesaris
746 3670 849 3741 renio,
869 3689 962 3750 quam
983 3670 1069 3735 facile
1089 3675 1127 3734 sit
1147 3677 1324 3758 impetratu·

326 3765 340 3805 '¹
367 3791 438 3849 rur,
457 3777 587 3838 Rumam
610 3773 707 3836 redire
727 3772 820 3834 malit.
