2910 4962
310 413 387 516 376
667 431 839 484 arrarum
866 435 941 484 nrv.
1099 433 1177 485 av.
1194 435 1225 484 e.
1242 449 1288 496 m

311 563 387 614 aare
419 536 643 640 impetravit:
676 562 745 638 qiua
776 537 815 610 in
848 561 885 610 re
918 561 985 636 ego
1016 535 1167 609 interfui.
1191 537 1311 640 Itaque

309 691 405 740 nune
435 665 476 738 P.
509 661 692 738 Comeliut
724 675 916 737 vocatur·¹.
948 664 1138 764 Quumque
1169 677 1311 765 propter

311 789 484 896 quosdam
510 787 673 874 sordidos
698 787 873 890 homines,
891 788 950 890 qui
968 788 1126 864 Caesaris
1145 787 1311 862 beneficia
1439 809 1440 826 ³

310 917 530 1018 vendebant,
547 915 703 990 tabulam
717 932 744 1016 ²,
767 916 806 989 in
831 943 899 1018 qua
925 915 1068 989 nomina
1094 915 1238 989 civitate
1255 915 1311 989 do-
1439 945 1440 948 ¹

310 1060 478 1120 natomm
509 1044 619 1118 ineisa
653 1055 792 1142 estem,
823 1039 944 1116 revelli
968 1041 1124 1116 iussisset
1140 1042 1170 1142 ³3
1202 1041 1311 1117 eidem

310 1169 530 1272 Dolabellae,
556 1195 614 1243 me
639 1169 821 1269 audiente,
845 1169 975 1243 Caesar
1000 1167 1102 1266 dixit,
1119 1167 1206 1240 nihil
1223 1193 1311 1268 esee,

312 1297 410 1402 quod
444 1298 488 1371 de
521 1297 623 1396 Mega
656 1295 887 1397 veneraturi,
917 1295 1127 1369 beneficium
1152 1320 1254 1368 uuum
1277 1296 1311 1368 in

310 1429 355 1499 'eu
380 1450 530 1498 manere.
555 1425 634 1499 Hoc
660 1437 694 1497 te
719 1424 808 1498 seire
832 1420 1007 1532 volui,nt
1025 1423 1159 1496 eumin
1185 1422 1312 1496 uirium

310 1553 553 1630 Romanorum
577 1561 725 1626 numero
751 1549 915 1626 haberer:
942 1550 1135 1652 catenaque
1158 1549 1195 1622 in
1212 1547 1311 1622 rehuu
1439 1621 1440 1636 2

311 1677 378 1752 tibi
402 1704 484 1752 eum
508 1678 558 1752 ita
583 1676 815 1777 commendo,
838 1692 879 1750 ut
903 1678 1036 1753 maiore
1061 1676 1180 1750 studio
1204 1677 1312 1750 nemi·

310 1831 395 1880 nem
420 1803 707 1880 commendarim.
734 1805 982 1880 Gratissimum
1010 1785 1097 1878 mihi
1123 1801 1312 1903 feceriaai

312 1957 394 2006 eum
418 1933 468 2005 ita
493 1934 673 2032 tractaris,
704 1945 745 2005 ut
774 1930 967 2032 intelligat,
997 1954 1112 2004 meam
1137 1953 1312 2005 commen·

315 2055 495 2133 dationem
519 2083 648 2157 magno
674 2056 741 2131 sibi
766 2071 975 2134 ornamento
1001 2056 1116 2134 niue.

782 2309 861 2386 DV·
1025 2353 1079 2411 (aa
1096 2353 1147 2398 niv.
1164 2352 1291 2412 xumy)

313 2491 534 2572 Argttmentum.
545 2489 746 2553 Commendat
757 2489 904 2574 Hippiam
919 2491 950 2549 in
964 2487 1143 2550 libentione
1156 2487 1314 2550 bonorum.

586 2723 640 2777 Sur.
659 2723 755 2777 Romae
772 2725 804 2777 Α.
818 2721 852 2778 V.
869 2721 899 2776 C.
917 2721 1046 2776 nccvn.

439 2945 483 3009 Μ.
507 2947 544 3012 Τ.
568 2945 714 3013 CICERO
739 2946 875 3012 ACILIO
899 2945 1015 3011 PROC.
1039 2947 1070 3010 S.
1095 2946 1129 3010 P.
1152 2946 1192 3010 D.

364 3179 550 3283 Hippiam,
580 3178 766 3255 Philoxeni
798 3181 926 3281 filium,
958 3177 1177 3255 Calactinum
1197 3195 1222 3280 ¹,
1252 3179 1318 3254 ho-

315 3307 444 3410 spitem
469 3321 505 3381 et
529 3309 763 3383 neeessariam
787 3330 905 3382 meum
917 3361 928 3407 ,
952 3307 1018 3381 tibi
1042 3305 1256 3413 commendo
1279 3307 1318 3379 in
1438 3363 1439 3382 .

314 3433 485 3511 maiorem
509 3435 664 3509 modum.
690 3436 777 3508 Eius
800 3433 914 3532 bona,
946 3432 1246 3537 quemadmodum
1271 3429 1318 3506 ad

315 3587 373 3635 me
400 3557 515 3636 delata
540 3588 595 3635 rea
616 3575 684 3662 est,
700 3559 840 3662 publice
865 3559 1091 3660 possidentur
1115 3559 1233 3634 alieno
1256 3583 1317 3633 no-

314 3688 410 3762 mine
427 3702 453 3789 ¹,
477 3701 601 3765 eontra
626 3687 720 3786 leges
744 3685 1018 3765 Calactinorum.
1045 3686 1088 3760 Id
1110 3687 1142 3762 ui
1166 3685 1216 3762 ita
1241 3699 1318 3784 eat,
1438 3683 1439 3728 l

316 3813 423 3886 etiam
447 3813 523 3888 aine
546 3839 627 3888 mea
652 3811 1030 3889 commendatinueab
1048 3814 1232 3916 ¹aequitate
1257 3827 1316 3888 tua

315 3958 372 4013 res
396 3939 475 4041 ipsa
499 3941 688 4046 impetrare
713 3939 840 4041 debet,
868 3955 908 4014 ut
933 3932 1186 4018 eiuubvenine.
1219 3941 1318 4038 Quo·
