2910 4954
312 443 384 536 334
625 461 796 512 crasson
821 463 992 512 cccxxxv.
1093 461 1124 509 ι.
1140 463 1176 510 ι.
1193 463 1222 509 c.
1239 473 1288 524 ⁷⁰⁷

312 583 385 664 tea,
411 581 485 638 tum
511 565 671 666 proxime
704 564 774 638 hoc
806 565 1001 638 miserrimo
1033 561 1126 636 bello
1143 543 1171 628 ι’
1186 563 1315 639 domus

310 697 384 768 eius
409 707 485 767 tota
510 693 595 765 ιιιιιιι
620 693 751 792 patuit,
781 717 849 794 qua
884 693 913 764 si
946 717 1036 791 opus
1068 689 1206 790 ιιιιειει,
1239 706 1312 764 tam

311 847 422 895 essem
454 847 559 918 usus,
592 845 696 920 quam
730 843 817 890 mea.
852 819 1044 891 Maximum
1078 831 1194 890 autem
1227 818 1313 890 milri

311 943 490 1021 vinculum
515 974 595 1019 cum
622 971 664 1019 eo
696 958 749 1018 est
781 947 881 1047 quasi
913 945 1097 1018 sanctioris
1131 943 1312 1018 cuiusdam

311 1073 593 1172 necessitudinis,
629 1070 727 1175 quod
759 1087 813 1146 est
837 1073 944 1146 Attici
977 1073 1088 1146 nostri
1119 1069 1313 1146 familiaris-

312 1203 437 1300 simus,
461 1225 610 1301 eumque
635 1225 744 1272 unum
769 1214 908 1298 praeter
934 1213 1070 1272 ceteros
1089 1197 1313 1272 observatae

313 1325 435 1425 diligit.
461 1325 629 1418 Quem
602 1351 632 1398 ar
659 1339 697 1398 tu
722 1326 791 1398 ianr
822 1325 913 1398 sorte
943 1326 1120 1424 cognosti,
1143 1339 1232 1424 puto
1257 1351 1314 1398 me

311 1453 398 1551 hoc,
423 1451 520 1553 quod
544 1452 652 1552 facio,
677 1452 789 1524 lacere
816 1455 932 1525 serius.
963 1453 1014 1524 Ea
1050 1465 1103 1524 cst
1127 1452 1221 1523 euim
1249 1451 1314 1522 hu·

311 1581 480 1651 munitate
506 1591 542 1650 et
567 1578 810 1676 observantia,
834 1592 874 1650 ut
898 1603 979 1650 cum
1003 1577 1102 1650 tibi
1092 1603 1163 1650 ram
1189 1603 1253 1678 per
1277 1605 1314 1650 se.

312 1707 427 1806 ipsum
446 1703 771 1778 ⁵commendatum
797 1719 929 1806 putem,
955 1703 1064 1798 Quod
1085 1717 1203 1778 tamen
1220 1708 1248 1778 si
1264 1706 1313 1778 ita

313 1846 367 1906 est
372 1856 620 1933 ,magnopere
646 1860 666 1905 a
692 1845 727 1904 te
754 1857 899 1934 quaeso,
924 1845 964 1904 ut
989 1831 1138 1904 adeam
1155 1830 1313 1904 volunta-

316 1973 402 2056 tem,
429 1961 457 2031 ai
475 1985 580 2060 quam
597 1960 633 2032 in
650 1957 748 2030 illum
766 1973 847 2032 ante
864 1957 928 2030 has
945 1984 1040 2031 meas
1056 1957 1173 2032 literas
1191 1971 1313 2031 contu-

314 2084 399 2181 listi,
420 2111 526 2185 quam
542 2085 714 2158 maximus
740 2099 839 2185 post,
864 2089 972 2157 ιιιιι6
988 2084 1314 2182 commendatione,

315 2209 473 2283 cumulus
499 2209 653 2283 accedat.
680 2210 741 2282 Sin
766 2225 882 2284 autem
903 2226 1051 2313 propter
1067 2211 1311 2285 verecundiam

315 2363 414 2410 suam
433 2337 549 2410 minus
566 2362 603 2409 se
619 2335 684 2408 tibi
702 2335 845 2434 obtulit,
871 2350 932 2409 aut
956 2337 1115 2410 nondum
1132 2363 1215 2410 cum
1230 2337 1312 2410 satis

314 2463 423 2538 habes
449 2464 645 2564 cognitum,
671 2477 733 2536 aut
757 2483 877 2565 quae7
905 2490 1007 2536 causa
1033 2478 1103 2562 est,
1128 2491 1191 2536 cur
1206 2466 1313 2537 maio·

315 2593 361 2665 ris
387 2590 702 2666 commendationis
735 2589 906 2690 indigeat,
939 2592 989 2662 sic
1022 2590 1086 2662 tibi
1111 2617 1192 2663 eum
1217 2617 1313 2664 com-

315 2717 460 2814 mendo,
479 2731 520 2790 ut
535 2743 649 2818 neque
666 2717 797 2790 maiore
814 2715 934 2790 studio
950 2743 1175 2818 quemquam,
1201 2743 1312 2818 neque

314 2843 515 2916 iustioribus
533 2842 707 2916 decausis
725 2843 971 2918 commendare
987 2845 1132 2944 possim
1155 2843 1312 2917 Faciam-

316 2995 384 3069 que
408 2967 463 3066 id,
496 2967 593 3070 quod
624 2967 755 3041 debent
786 2969 945 3045 facere''
923 2998 969 3070 n,
994 2971 1055 3072 qui
1079 2969 1255 3069 religiose,
1278 2984 1313 3042 et

316 3097 390 3168 sine
407 3023 598 3168 anibitione
615 3095 872 3171 commendant
899 3096 1090 3198 Spondebo
1114 3098 1209 3170 enim
1234 3096 1312 3193 tibi,

316 3221 373 3296 vel
403 3222 521 3322 potius
546 3222 728 3322 spondeo,
759 3224 796 3297 in
821 3250 946 3326 meque
971 3225 1140 3325 recipio,
1137 3248 1213 3299 eos
1239 3249 1312 3296 esse

316 3345 362 3420 Μ’
389 3349 486 3423 Curii
517 3374 649 3450 mores,
682 3375 828 3454 eamque
865 3366 940 3424 tum
972 3350 1205 3458 probitatem,
1238 3367 1310 3424 tum

316 3475 421 3547 etiam
446 3474 714 3576 humanitatem,
745 3492 784 3550 ut
809 3504 889 3551 eum
919 3493 955 3552 et
987 3479 1139 3552 amicitia
1164 3493 1246 3576 tua,
1276 3490 1310 3548 et

315 3617 387 3676 tam
404 3619 566 3678 accurata
583 3604 906 3703 commendatione,
930 3607 959 3678 si
985 3605 1048 3679 tibi
1074 3606 1119 3679 sit
1135 3607 1310 3705 cognitus,

205 3795 206 3799 ,
315 3729 511 3828 dignum
485 3758 530 3806 sla
556 3733 821 3806 existimaturus
847 3662 935 3807 Mili
962 3747 1054 3808 certe
1079 3733 1309 3831 gratissimum

315 3853 510 3955 leceris,
485 3885 514 3931 ιι
538 3857 757 3957 intellexero,
788 3859 851 3933 has
876 3859 992 3934 literas
1025 3871 1180 3958 tantum,
1206 3883 1309 3962 quan-

318 3996 392 4054 tum
425 3984 580 4058 scribens
613 3985 854 4072 confidebam,
886 3987 982 4088 apud
1014 4001 1048 4059 te
1079 3985 1217 4084 pondus
1250 3985 1309 4057 ha·

315 4107 442 4182 buissc
