2880 4956
325 460 370 532 18
514 477 684 530 arrsrona
708 477 916 552 conamur,
940 479 1052 528 cccxc.
1095 475 1125 526 a
1142 477 1224 526 v.·c.
1243 475 1291 550 2⁰⁵
1429 533 1430 554 χ

319 593 429 655 tarem
455 607 641 684 sequamur
659 581 699 680 ¹⁵,
723 581 830 654 simus
855 581 893 652 in
917 579 1021 652 nulla.
1047 578 1164 673 Quare
1190 577 1316 679 velim,

317 710 368 780 mi
392 707 788 782 iucundissime'Cicero
800 762 811 806 ,
841 708 870 780 si
896 706 985 784 forte
1008 706 1216 806 Pompeius,
1240 705 1317 806 pnl-

320 861 378 908 sus
403 833 458 908 his
483 859 621 938 quoque
646 834 750 934 locis,
775 860 892 908 rursus
919 831 1001 906 alias
1023 834 1179 932 regiones
1196 845 1316 933 petere

320 976 485 1064 cogatur,
515 977 557 1034 ut
587 977 625 1034 tn
659 975 694 1034 te
719 959 777 1034 vel
800 957 978 1059 Athenas,
1013 957 1070 1036 vel
1094 960 1131 1031 in
1157 959 1316 1062 quamvis

319 1089 472 1190 quietam
497 1090 643 1190 recipias
670 1087 860 1166 civitatem.
884 1085 993 1180 Quod
1018 1087 1047 1161 si
1064 1087 1130 1159 en's
1147 1083 1317 1186 lactucas,

318 1211 424 1292 velim
448 1215 534 1294 milri
559 1214 690 1290 scribas
709 1217 751 1314 ¹⁶,
773 1229 815 1290 ut
839 1239 926 1313 ego,
957 1215 987 1294 si
1017 1211 1089 1288 ullo
1115 1210 1224 1286 modo
1249 1237 1316 1313 po·
1429 1201 1430 1222 ¹

317 1353 416 1439 tero,
442 1340 488 1412 ad
514 1353 549 1413 te
575 1339 746 1414 advolcm.
774 1343 1025 1441 Quaecumque
1050 1338 1095 1414 de
1120 1353 1181 1414 tua
1206 1337 1316 1437 digni·
1429 1325 1430 1362 l

315 1478 389 1538 tate
428 1464 472 1538 ab
510 1467 720 1566 imperatore
757 1480 859 1539 erunt
894 1464 1137 1566 impetranda,
1168 1477 1316 1566 quaest

314 1590 532 1665 humanitate
569 1593 718 1692 Caesar,
755 1590 957 1664 facillimum
993 1595 1059 1664 erit
1096 1589 1141 1662 ab
1174 1613 1218 1662 eo
1249 1589 1316 1662 tibi

313 1716 383 1818 ipsi
402 1727 439 1784 ¹⁷
456 1719 662 1820 impetrare:
700 1732 736 1790 et
772 1745 866 1792 meas
905 1731 1023 1791 tamen
1060 1742 1181 1817 preces
1218 1715 1315 1816 apud

313 1869 396 1918 eum
431 1869 504 1919 non
541 1845 723 1918 minimum
757 1845 973 1920 auctoritatis
1005 1841 1185 1916 habituras
1212 1855 1312 1943 puto.

313 1969 392 2044 Erit
417 1983 497 2042 tuac
523 1996 663 2071 qnoque
688 1970 791 2068 fidei,
830 1985 865 2048 et
895 1969 1142 2067 humanitatis,
1170 1993 1314 2067 curare,

313 2107 355 2166 ut
378 2095 408 2170 is
434 2093 650 2197 tabellarius,
676 2121 779 2198 quem
805 2095 851 2173 ad
876 2109 911 2172 te
934 2098 1031 2194 anisi,
1046 2097 1174 2172 reverti
1198 2096 1313 2195 possit

314 2219 360 2292 ad
384 2245 457 2320 ma,
480 2236 519 2294 ct
543 2248 564 2296 a
589 2237 624 2294 te
649 2222 735 2294 mihi
760 2221 876 2295 literas
902 2222 1026 2294 referat
1044 2223 1085 2292 ¹⁸.
1122 2306 1126 2321 .

729 2473 894 2550 CCCXC.
1044 2515 1240 2576 (aonium,
1255 2519 1286 2574 a>

310 2652 529 2730 Argwneutum.
551 2654 716 2725 Hortatur,
737 2665 772 2718 ut
791 2653 988 2722 valitudinem
1010 2663 1111 2726 curet,
1137 2663 1169 2714 et
1188 2655 1213 2716 si
1235 2653 1310 2734 quid

351 2759 441 2828 novi,
460 2768 566 2838 pergat
585 2757 725 2826 scribere.

403 2961 457 3014 Scr.
475 2961 608 3021 incastris
626 2961 731 3033 Pompei
749 2965 779 3016 Δ.
798 2961 830 3018 V.
849 2963 878 3018 C.
896 2964 998 3034 DCCV,
1016 2965 1054 3020 Ν
1071 2963 1138 3020 Non.
1157 2964 1216 3020 lun.

445 3161 487 3222 ll.
512 3161 548 3223 Τ.
573 3159 716 3227 CICERO
743 3161 997 3228 ΤΕΗΕΝΤΙΔΕι
1023 3163 1053 3228 S.
1077 3162 1111 3226 P.
1134 3161 1172 3226 D.

357 3345 394 3418 Si
412 3345 523 3447 vales,
539 3345 630 3422 bene
650 3363 716 3423 est:
739 3376 804 3450 ego
823 3349 934 3425 valeo.
951 3347 1191 3423 valitudinem
1209 3365 1306 3424 tuam

309 3471 412 3545 velim
437 3499 537 3552 cures
562 3473 832 3574 diligentissime.
857 3474 949 3550 Nam
974 3475 1061 3549 milri
1084 3491 1120 3548 ct
1135 3477 1306 3582 scriptum

307 3611 343 3668 et
368 3601 566 3672 truntiatum
592 3615 662 3700 est,
686 3616 721 3674 te
745 3604 783 3674 in
808 3599 932 3675 febrim
957 3601 1074 3675 subito
1099 3601 1265 3675 incidisse
1280 3618 1303 3673 ².

306 3722 412 3812 Quod
438 3724 596 3799 celeriter
620 3751 676 3798 me
702 3728 815 3800 fecisti
840 3727 884 3800 de
910 3728 1066 3802 Caesaris
1095 3726 1202 3800 literis
1228 3753 1303 3800 cer·

304 3848 445 3948 liorem,
471 3852 583 3926 fecisti
607 3853 693 3925 mihi
711 3867 856 3952 gratum.
873 3853 961 3926 Item
984 3853 1148 3953 posthac,
1166 3854 1195 3926 si
1213 3855 1300 3955 quid

301 3999 392 4072 opus
417 3979 499 4077 erit,
522 3980 552 4052 si
578 3979 662 4082 quid
688 3979 854 4053 acciderit
878 3982 977 4076 novi,
995 3979 1097 4052 facies
1116 3993 1156 4051 ut
1177 3981 1293 4053 sciam.

299 4103 411 4204 Cura2
433 4117 473 4176 ut
497 4105 623 4180 valeas.
650 4105 739 4181 Vale
764 4108 805 4180 D.
832 4107 902 4180 1111
927 4105 1078 4178 Nonaa³
1104 4106 1178 4178 Iun.
