2910 4954
304 433 378 508 336
614 443 785 500 renerum
810 445 997 494 cmxxxvi.
1086 441 1117 490 Α.
1135 443 1170 492 v.
1187 441 1216 490 c.
1236 455 1281 503 ⁷⁰⁷

671 673 943 752 CDLXXXVI·
1010 713 1069 775 (aa
1083 713 1139 760 nn.
1153 713 1226 773 xro,
1241 715 1286 772 u>

306 855 526 934 Argumentum.
547 847 666 910 Gratius
686 851 764 928 agit,
785 844 869 928 quod
895 845 1012 928 optima
1041 843 1074 904 in
1094 845 1228 904 Atticum
1253 863 1306 904 vo

348 961 462 1022 luntate
482 960 538 1030 rit,
562 975 653 1038 quem
679 953 753 1015 dum
780 949 985 1014 commendari
1006 949 1081 1012 dicit
1100 969 1219 1011 necesse
1248 970 1306 1011 uon

349 1087 428 1141 erse,
447 1085 484 1126 eo
504 1067 570 1148 ipsu
590 1059 678 1122 valde
698 1057 906 1132 commendat,
931 1077 995 1140 quo
1019 1056 1142 1118 Servius
1163 1058 1190 1117 ei
1212 1077 1308 1138 neque

350 1177 381 1236 in
402 1171 579 1254 Epiroticis,
600 1189 698 1252 neque
718 1169 750 1228 in
770 1167 835 1228 aliis
856 1163 947 1228 rebus
967 1163 1051 1225 decit

580 1403 633 1458 Sor.
652 1402 747 1456 Romae
765 1404 795 1454 Δ.
813 1399 847 1454 V.
865 1397 894 1452 C.
913 1396 1043 1452 occvn.

631 1599 775 1666 CICERO
800 1597 943 1664 SERVIO
968 1599 998 1661 S.

362 1821 444 1896 Non
470 1817 678 1915 concedam,
702 1831 743 1890 ut
760 1816 879 1890 Attico
905 1827 1046 1912 nostro,
1062 1839 1167 1914 quem
1184 1812 1312 1888 elatum

316 1947 447 2022 laetitia
475 1945 564 2044 vidi,
588 1941 813 2017 iucundiores
837 1955 918 2014 triae
936 1941 1138 2014 suavissime
1154 1940 1202 2015 ad
1219 1967 1314 2040 eum,
1437 1942 1438 1978 r

315 2087 354 2146 et
369 2071 616 2146 humanissime
634 2071 786 2169 scriptae
798 2068 927 2166 literae,
944 2068 1085 2168 luerint,
1101 2093 1206 2170 quam
1221 2070 1314 2142 milri.

316 2197 408 2274 Nam
425 2198 492 2272 etsi
505 2196 643 2299 utrique
654 2209 815 2274 nostrum
827 2221 940 2296 prope
954 2221 1063 2297 aeque
1075 2208 1192 2293 gratam
1205 2208 1318 2294 erant,
1438 2203 1439 2252 l

318 2339 436 2400 tamen
461 2349 526 2426 ego
552 2321 751 2396 admirabar
772 2323 901 2420 magis,
926 2335 979 2421 te,
1003 2323 1132 2423 quasi¹
1159 2335 1319 2424 rogatus,

318 2466 379 2526 aut
403 2466 497 2526 certe
522 2449 740 2549 admonitus,
764 2447 952 2522 liberaliter
976 2448 1095 2524 Attico
1121 2449 1319 2550 respondis-

317 2605 372 2653 ses
397 2576 517 2680 (quod
534 2591 652 2651 tamen
671 2575 816 2650 dubium
834 2575 953 2674 nobis,
978 2576 1064 2678 quin
1088 2576 1137 2650 ita
1163 2575 1319 2650 futurum

317 2705 437 2803 inserit,
461 2729 536 2778 uon
560 2715 672 2803 erat),
696 2703 790 2778 ultro
816 2701 862 2776 ad
887 2729 968 2776 eum
993 2701 1189 2802 scripsisse,
1217 2705 1319 2806 eique

318 2854 384 2900 nec
402 2830 564 2927 opinanti
587 2828 804 2904 voluntatem
830 2842 927 2902 tuam
954 2842 1087 2910 tantam
1113 2855 1177 2929 per
1201 2829 1319 2904 literas

320 2953 494 3026 detulisse.
519 2955 573 3026 De
598 2979 669 3055 quo
695 2979 767 3028 non
792 2954 901 3028 modo
925 2981 1047 3054 rogare
1065 2969 1113 3052 te,
1132 2968 1234 3030 uteo
1252 2969 1321 3030 stu-

321 3079 451 3153 diosius
476 3105 555 3153 mea
580 3105 720 3181 quoque
745 3106 849 3154 causa
874 3078 998 3180 facias,
1023 3107 1097 3157 non
1120 3081 1235 3156 debeo
1252 3083 1321 3170 (ni-

320 3207 371 3280 hil
394 3208 487 3280 enim
513 3207 722 3281 cumulatius
739 3209 813 3282 lieri
829 3222 965 3315 potest,
991 3235 1096 3310 quam
1113 3207 1321 3309 polliceris),

320 3333 383 3406 sed
407 3360 453 3407 ne
486 3335 612 3434 gratias
645 3333 788 3436 quidem
820 3361 939 3436 agere,
964 3334 1060 3438 quod
1085 3349 1125 3408 tu
1150 3349 1186 3409 et
1210 3337 1320 3437 ipsius

321 3485 442 3560 causa,
466 3474 503 3534 et
528 3475 587 3536 tua
613 3477 739 3563 sponte
765 3462 886 3536 leceris
900 3479 925 3536 ².
942 3461 1035 3538 Illud
1052 3478 1172 3538 tamen
1190 3461 1323 3560 dicam,

319 3587 406 3661 mihi
424 3587 481 3688 id,
506 3588 602 3691 quod
618 3588 744 3688 fecisti,
761 3615 836 3664 esse
854 3590 1096 3692 gratissimum.
1122 3589 1209 3664 Tale
1227 3591 1320 3664 enirn

320 3725 419 3786 tuum
451 3715 619 3790 iudicium
652 3715 698 3790 de
722 3715 865 3790 homine
891 3743 951 3815 eo,
976 3722 1114 3820 qnem³
1139 3717 1243 3790 unice
1269 3713 1322 3788 di-

320 3837 405 3937 ligo,
430 3865 504 3914 nou
529 3856 648 3943 potest
672 3841 757 3916 milri
783 3868 855 3918 non
875 3871 1009 3918 summe
1027 3869 1101 3918 esec
1117 3843 1320 3918 iucundum.

322 3964 431 4058 Quod
455 3991 562 4068 quum
588 3971 636 4044 ita
662 3969 723 4066 sit,
749 3995 824 4044 csse
849 3985 985 4070 gratum
1005 3997 1146 4046 incesse
1163 3985 1225 4046 est.
1252 3967 1322 4044 Sed
