2900 4962
325 422 392 494 152
639 433 810 490 eersrott
837 437 1014 486 ccxxxvii.
1099 435 1129 483 A.
1148 439 1181 486 v.
1199 439 1228 487 c.
1246 454 1292 500 su

320 545 497 646 publicae,
522 541 684 642 petitioni
704 557 731 589 ¹²
759 563 834 612 sese
860 536 975 638 dedit,
991 537 1232 641 honoremque
1257 541 1319 616 ho-
1433 603 1434 606 ,

320 671 555 746 nestissimnm
586 669 800 742 existimavit.
828 666 980 740 fructum
1007 666 1136 741 laboris
1164 671 1229 741 sui.
1257 671 1320 742 llis

322 814 439 871 antem
464 794 679 895 temporibus
699 811 729 844 ¹¹
756 821 775 868 a
801 820 857 866 me
882 793 1069 868 Brundisio
1103 821 1184 867 cum
1214 795 1320 870 literis

323 939 358 996 et
384 923 556 997 mandatis
589 921 765 1020 proiectus
799 919 844 994 ad
869 920 1054 993 Caesarem
1085 936 1156 993 est:
1190 948 1259 1022 qua
1285 923 1320 996 in

322 1077 359 1124 re
386 1065 422 1122 et
446 1063 601 1122 amorem
627 1051 700 1120 eius
726 1050 763 1119 in
788 1047 1011 1148 suscipiendo
1036 1049 1177 1146 negotio
1193 1051 1223 1098 ¹³
1247 1075 1322 1149 per·

323 1155 457 1276 speri,
473 1187 512 1248 'et
541 1173 580 1246 iu
614 1174 835 1248 conficiendo
868 1196 908 1246 ac
943 1173 1177 1248 renuntiando
1207 1175 1319 1248 fidem.

323 1299 457 1375 Videor
482 1300 589 1398 mihi,
622 1327 729 1400 quum
762 1303 948 1402 separatim
968 1301 1022 1370 ‘de
1048 1297 1224 1398 probitate
1249 1304 1321 1374 eius

324 1444 360 1500 et
385 1427 540 1502 moribus
568 1427 722 1500 dictums
749 1427 907 1526 fuissem,
924 1429 950 1499 si
975 1429 1070 1528 prius
1088 1453 1245 1526 causam,
1262 1455 1322 1502 cur

325 1581 406 1633 eum
424 1569 607 1658 tantopere
625 1551 822 1652 diligerem,
840 1555 903 1625 tibi
922 1554 1177 1654 exposiu'ssem,
1194 1555 1231 1626 in
1248 1557 1321 1657 ipsa

326 1705 429 1757 causa
442 1679 663 1786 ,exponenda
688 1683 771 1754 satis
797 1683 910 1755 etiam
929 1681 973 1752 de
991 1680 1166 1781 probitate
1186 1680 1320 1756 dixisse.

325 1807 396 1882 Sed
422 1821 538 1879 tamen
563 1806 752 1906 separatim
777 1809 966 1904 promitto,
983 1808 1019 1878 in
1041 1833 1164 1906 meque
1182 1808 1323 1907 recipio,

325 1935 398 2008 iore
424 1961 503 2006 eum
531 1931 593 2004 tibi
620 1947 655 2004 et
680 1930 873 2031 voluptati,
899 1947 934 2004 et
960 1935 1046 2004 usui.
1072 1933 1162 2005 Nam
1188 1948 1224 2006 et
1248 1959 1323 2006 mo-

327 2059 464 2131 ilestum
491 2059 670 2132 hominem
696 2085 908 2156 cognosces,
933 2074 969 2130 et
995 2058 1204 2158 prudentem
1224 2060 1265 2158 ¹⁴,
1289 2076 1325 2133 et

327 2213 346 2264 a
373 2185 565 2284 cupiditate
591 2185 688 2256 omni
721 2185 1012 2284 remotissimum,
1047 2199 1222 2284 praeterea
1249 2213 1324 2258 ma-

326 2290 395 2414 ¹glri,
410 2304 540 2426 laboris
558 2337 782 2426 summaeque
799 2309 1001 2384 industriae.
1019 2311 1140 2425 Neque
1157 2311 1322 2420 egonbaec

325 2439 483 2540 polliceri
509 2438 640 2540 debeo,
665 2465 753 2542 quae
778 2438 842 2514 tibi
865 2440 1074 2542 ip'si,-quum
1092 2439 1180 2510 bene
1198 2466 1324 2538 cogno·

324 2567 397 2664 ris,
427 2566 616 2648 iudicanda
648 2580 754 2663 sunt,
786 2565 849 2638 sed
874 2580 992 2638 tamen
1016 2566 1055 2636 in
1079 2565 1241 2638 omnibus
1266 2591 1325 2640 uo·

326 2699 380 2768 vis
405 2693 714 2765 coniunctionibus
738 2694 899 2788 interest,
922 2691 1036 2792 qualis
1060 2693 1192 2791 primus
1212 2692 1324 2766 aditus

326 2825 388 2920 sit,
413 2833 450 2892 et
482 2845 549 2918 qua
576 2815 882 2889 commendatione
908 2820 1006 2916 quasi
1032 2819 1203 2890 amicitiae
1234 2819 1323 2891 sores

327 2945 535 3048 aperiantur.
561 2941 670 3032 Quod
695 2965 760 3037 ego
777 2941 831 3013 his
849 2942 956 3015 literis
974 2944 1109 3016 efficere
1127 2945 1245 3020 volni!
1260 2949 1323 3018 etsi

326 3059 362 3144 id
389 3071 463 3172 ipsa
489 3095 553 3169 per
581 3093 618 3138 se
650 3067 871 3140 necessitudo
905 3084 1109 3170 quaesturae
1141 3071 1277 3145 efficere
1293 3075 1324 3122 ¹⁵

327 3197 454 3274 debet:
487 3193 550 3272 sed
586 3207 701 3266 tauron
734 3188 844 3266 nihilo
877 3195 1046 3290 infirmius
1080 3195 1166 3273 illud
1187 3203 1227 3299 ¹⁶,
1258 3200 1325 3274 hoc

326 3323 458 3400 addito.
484 3322 576 3398 Cura
601 3319 723 3418 igitur,
754 3320 782 3392 si
817 3345 873 3393 me
907 3298 996 3394 tanti
1020 3325 1120 3424 sacis,
1145 3330 1267 3426 quanti
1292 3343 1326 3400 et

326 3451 441 3522 Varro
466 3448 657 3546 existimat,
682 3460 719 3516 et
741 3446 816 3544 ipse
840 3448 975 3544 sentio,
993 3463 1154 3549 utquam
1174 3455 1324 3549 primum

325 3573 534 3674 intelligam,
560 3573 651 3646 lranc
674 3595 789 3642 meam
817 3575 1163 3648 commendationem
1188 3592 1323 3650 tantum

328 3701 378 3774 illi
404 3701 560 3776 utilitatis
585 3698 763 3794 attulisse,
795 3711 965 3797 quantum
995 3716 1030 3773 et
1055 3703 1133 3800 ipse
1156 3708 1324 3802 sperarit,

330 3851 394 3900 nec
420 3854 484 3926 ego
510 3825 706 3902 dubitarim.
