2932 4954
316 369 388 444 538
671 387 942 436 snnorsrronrs

355 491 472 555 sustulit
492 489 646 552 Ernestius
667 502 700 552 ut
720 489 867 566 alienum,
881 499 911 550 et
923 485 1008 550 abest
1026 509 1045 550 a
1063 488 1147 550 libris
1168 494 1328 556 nonnullis.
1442 505 1444 554 l

358 599 578 685 Reponendum
599 610 675 660 esset
700 600 799 680 potius
822 597 889 657 tuis.
914 596 1019 658 Lamb.
1041 603 1168 662 correxit
1187 603 1253 664 eis.-
1274 608 1330 664 rni-

356 731 413 771 nus
434 720 514 770 secte
535 727 629 789 quum
651 705 807 766 antecedat
824 707 881 766 iam
898 705 967 765 illis.
982 705 1090 767 Ambb.
1105 718 1166 768 tres
1181 710 1214 770 in
1228 711 1328 772 leteris.

324 817 359 880 16
380 818 461 896 Quia
481 816 598 877 doctior
618 835 648 875 es
669 834 761 896 quam
782 833 848 894 ego.
873 811 982 876 Cellar.

324 947 357 1008 ¹7
378 923 599 1007 Deliberatum,
621 925 822 984 constitutum.
844 921 961 983 Mutant.
981 921 1076 997 Milss',
1092 922 1152 985 bon
1165 937 1225 1004 est,
1238 945 1257 986 a
1271 947 1329 1007 me,

358 1053 415 1118 per
435 1053 493 1093 me.
1443 1089 1444 1106 χ

321 1139 356 1202 18
377 1142 478 1219 Quam
501 1141 547 1222 egi
567 1139 597 1200 in
609 1136 736 1220 publiois
751 1147 780 1198 et
794 1133 960 1197 forensibus
973 1135 1072 1198 rebus
1090 1137 1201 1200 Ollar.
1217 1143 1329 1200 Trans-
1442 1131 1444 1150 ⁴

356 1247 426 1309 latio
446 1246 485 1308 ab
507 1244 729 1328 hystrionibus,
755 1245 807 1326 qui
833 1245 928 1306 varias
950 1265 1094 1328 personas
1112 1249 1280 1330 suscipiunt
1299 1252 1327 1307 in
1443 1259 1444 1308 l

357 1375 453 1417 scena.
475 1355 592 1416 Manu.

318 1485 354 1548 ¹9
375 1464 420 1524 lta
440 1460 594 1524 Gebhard.
610 1481 628 1522 e
642 1461 736 1522 Vatis.
757 1459 824 1520 ood
845 1459 954 1541 aliique
970 1471 1071 1542 nnus,
1085 1461 1325 1547 testeltlmorio,

354 1581 550 1632 nomenoi-unt
570 1589 626 1654 pro
646 1591 682 1629 ne
699 1567 854 1652 plrsribusr
883 1567 936 1628 sed
966 1579 1065 1630 tamen
1094 1568 1208 1632 durum
1229 1573 1325 1631 vuum

355 1691 399 1741 est
418 1680 573 1762 Ernesti03
593 1679 662 1738 satis
682 1679 760 1737 euim
781 1687 845 1736 erat
869 1677 983 1736 invitus.
1010 1677 1116 1738 Noster
1141 1677 1176 1737 13
1196 1699 1235 1738 ue
1252 1679 1323 1760 plu·

356 1789 437 1850 ribus
457 1799 627 1870 occupatu.
650 1785 747 1868 Supra
768 1782 873 1849 bamb.
894 1803 954 1845 nou
974 1787 1081 1846 urim
1099 1805 1189 1846 esses.

317 1917 356 1956 no
377 1896 478 1978 Vulgo
498 1908 565 1954 tuas
585 1893 661 1952 milti
680 1893 779 1952 literas
799 1890 997 1972 longissimo.
1025 1891 1086 1951 Sed
1106 1891 1208 1952 lium
1229 1892 1326 1952 iurul-

357 2015 457 2064 catum
477 2011 551 2085 puto
565 1991 764 2084 s'superiose,
779 2010 809 2060 et
822 1997 906 2059 abest
919 2019 937 2058 a
950 1997 1072 2062 dnobus
1084 2000 1207 2078 nostris,
1219 2021 1326 2082 quam-

357 2131 448 2194 quam
469 2111 500 2170 in
519 2109 613 2170 altero
630 2106 800 2190 suppletum
813 2127 831 2166 a
846 2127 902 2168 seo
917 2127 1017 2167 manu
1032 2105 1138 2167 Paullo
1152 2117 1223 2168 nnte
1237 2105 1324 2168 oodd

357 2219 462 2303 aliqui,
483 2229 517 2280 ut
538 2213 623 2280 tmb.
645 2235 663 2276 n
686 2224 717 2276 et
735 2213 799 2276 Pal
820 2218 927 2296 prim,
947 2213 991 2277 At
1008 2215 1102 2276 velim.

730 2537 906 2598 CDLXXll.

319 2779 329 2818 r
354 2755 395 2816 M.
416 2756 522 2835 Curio,
542 2758 593 2836 qui
613 2755 711 2816 Patris
731 2758 760 2816 iu
781 2752 987 2836 Peloponneso
1008 2751 1221 2834 negotiabatur
1238 2753 1320 2838 (epp.

355 2862 561 2945 CDLXXXV,
582 2863 718 2941 DCLlll,
738 2861 862 2922 DCLlV
883 2871 915 2922 et
934 2859 1029 2938 alibi).
1045 2860 1151 2920 Cioern
1165 2861 1318 2937 Tymnem

354 2990 441 3030 suum
453 2969 510 3029 illic
520 2980 723 3050 aegrotantem
734 2967 958 3030 onmmendarat
971 2989 1037 3052 epp.
1050 2967 1317 3048 ccv111‚ccxtu

355 3089 385 3140 et
405 3077 503 3138 cccl.

316 3207 334 3246 n
355 3185 583 3270 Peloponnesiis.
605 3183 712 3246 Ambb.
734 3183 825 3266 aliqui
857 3205 926 3244 cum
950 3182 1013 3243 Pal.
1033 3185 1120 3266 prim.
1141 3183 1229 3267 quod
1246 3183 1321 3243 nerlu

355 3294 449 3377 desip.
470 3315 494 3354 v.
515 3289 599 3376 quod
618 3291 698 3364 istic,
718 3291 767 3354 vel
786 3311 879 3384 quum
898 3291 979 3363 istic,
1001 3299 1036 3351 ut
1055 3287 1161 3349 bamb·

315 3401 333 3462 3
355 3400 483 3462 Videtur
502 3399 643 3461 excidisse
663 3413 766 3484 stam,
786 3399 833 3462 vel
853 3411 933 3472 erat,
954 3397 1001 3458 vel
1020 3397 1142 3479 vigetum
1158 3395 1212 3458 sed
1232 3395 1316 3458 tacite

354 3507 540 3569 subauditur.
572 3507 666 3585 Quasi
696 3519 769 3570 tunc
798 3510 903 3567 amissa
933 3503 1070 3566 libertate
1096 3503 1169 3564 urbs
1190 3503 1316 3586 amplius

350 3637 412 3680 non
433 3627 517 3680 esset
538 3617 615 3677 Tres
636 3617 728 3676 nostri
748 3634 817 3676 cum
837 3614 907 3675 Rae.
927 3625 1005 3694 mm,
1018 3611 1129 3674 soilinet
1146 3621 1221 3672 nmo
1240 3621 1315 3670 tem·

349 3743 438 3806 pons.

307 3828 519 3906 4Versiculus
543 3831 656 3911 antiqui
684 3829 795 3890 Po'e'tae
821 3829 936 3910 (quem
954 3825 1067 3886 Acoriss
1093 3825 1230 3886 nominat
1248 3823 1312 3883 bls-

344 3937 461 4020 nutius;
481 3937 520 3998 ad
541 3940 599 3998 Att.
621 3934 778 4018 XlV‚1a):
803 3933 866 3997 Vbi
878 3955 938 3995 -uec
958 3931 1172 4016 Pelopidarum
1191 3951 1307 4002 nom
