2910 4954
335 443 408 534 324
665 465 839 515 neronom
862 466 1009 516 curm
1117 467 1149 515 Δ.
1161 469 1196 518 v.
1215 469 1245 516 c.
1262 481 1308 531 ,η

362 569 548 670 inquorum
571 595 614 641 oe
629 569 923 669 neeessariorum,
939 571 1001 672 qui
1017 594 1101 644 vere
1116 595 1215 657 mene
1232 569 1333 644 saltui

335 595 506 793 Enerent,
522 709 559 767 te
576 693 842 798 cupidissimum
856 697 937 794 mei,
953 694 1234 798 singularemque
1250 697 1332 769 mihi

333 810 608 896 benivolentiam
639 823 854 923 praestitisse
886 823 1047 921 cognovi.
1080 821 1226 924 Reliqua
1254 837 1334 896 sunt

334 946 506 1022 eiusmodi
518 949 545 1049 ⁵,
561 947 687 1052 quibus
712 975 796 1048 ego,
820 951 989 1052 quomam
1012 948 1102 1022 haec
1127 963 1227 1023 erant
1251 963 1334 1023 tem·

334 1099 442 1176 pore,
472 1072 572 1150 heile
596 1088 633 1149 et
657 1101 771 1178 aequo
796 1078 915 1150 animo
939 1073 1124 1150 carebam:
1156 1075 1226 1149 hoe
1250 1101 1332 1151 vero

333 1199 506 1276 eiusmodi
529 1227 606 1276 esse
630 1215 767 1304 statuo,
799 1217 841 1275 ut
871 1203 947 1277 sine
971 1202 1096 1277 ulium
1118 1203 1276 1278 virorum
1298 1216 1334 1276 et

333 1327 527 1403 amicorum
548 1325 803 1429 benivolentia,
826 1354 941 1434 neque
964 1331 1004 1403 in
1028 1328 1195 1429 adversa,
1220 1354 1331 1432 neque

331 1457 371 1530 in
394 1453 549 1530 secondo
573 1454 713 1532 fortuna
729 1457 913 1560 quisquam
932 1457 1054 1534 vivere
1071 1458 1193 1558 possit
1209 1457 1331 1558 Itaque

331 1583 369 1654 in
393 1579 491 1656 hoc⁶
514 1605 580 1682 ego
604 1582 692 1656 mihi
717 1583 880 1683 gratulor.
905 1583 963 1657 'l'u
982 1609 1071 1658 vero
1087 1597 1130 1656 ut
1143 1581 1330 1682 intelligas,

332 1707 467 1783 homini
501 1709 713 1786 amicissimo
745 1725 781 1785 te
812 1711 975 1788 tribuisse
1004 1711 1182 1810 officium,
1205 1735 1244 1785 re
1268 1707 1330 1782 tibi

333 1834 530 1936 praestabo.
555 1836 654 1916 Vale.

707 2091 944 2168 CDLXXXJ.
1036 2134 1090 2192 (uu
1107 2133 1161 2180 nu.
1179 2133 1251 2193 nu,
1266 2134 1305 2190 n)

332 2269 551 2352 Argunoentum.
571 2270 772 2332 Commendat
794 2270 890 2332 Bruto
910 2272 1085 2354 vectigalia,
1105 2293 1185 2354 quoe
1206 2271 1326 2353 Arpinu-

369 2387 416 2438 ια
435 2379 466 2438 in
486 2378 585 2441 Gallio
605 2377 773 2455 habebunt3
793 2389 824 2439 et
844 2377 958 2460 legatos
979 2381 1031 2462 qui
1059 2379 1098 2438 ad
1122 2399 1159 2438 eo
1187 2374 1326 2460 exigendo

370 2484 647 2568 proficiscebantur.

599 2697 654 2747 Sor.
672 2695 767 2748 Romae
784 2697 815 2749 Δ.
834 2695 867 2748 V.
885 2696 914 2748 C.
932 2695 1062 2748 Dccvn.

511 2893 553 2955 M.
580 2893 617 2955 T.
641 2893 786 2956 ClClillO
809 2893 971 2958 BRVTO¹
998 2894 1029 2955 S.
1052 2893 1085 2958 P.
1110 2893 1147 2955 D.

379 3051 471 3193 eriu
497 3125 636 3202 semper
657 3100 904 3199 animadverti,
936 3099 1091 3173 studiose
1120 3115 1155 3172 te
1184 3127 1327 3203 opernm

329 3226 430 3327 dare,
462 3240 576 3302 utne
605 3227 690 3331 quid
720 3243 912 3304 meorum¹
938 3225 1004 3298 tibi
1037 3239 1128 3300 esset
1151 3227 1327 3328 iguomm:

328 3368 515 3456 propterea
532 3381 606 3432 non
624 3354 767 3455 dubito,
783 3355 868 3457 quin
884 3353 991 3452 scias,
1007 3377 1081 3428 non
1097 3351 1214 3426 solum
1232 3357 1327 3428 cuius

326 3482 509 3584 municipii
534 3484 618 3582 sim,
642 3480 705 3557 sed
722 3482 847 3580 etiam,
871 3505 978 3582 quam
995 3477 1180 3579 diligenter
1197 3480 1326 3555 soleam

328 3637 425 3688 meos
456 3612 669 3713 municipes,
693 3610 898 3710 Arpinates,
930 3609 1028 3680 tueri.
1056 3609 1219 3700 Quorum
1253 3607 1326 3710 qui·

328 3737 409 3816 dem
434 3741 552 3813 omnia
578 3736 781 3834 commode,
806 3759 998 3836 omnesque
1023 3733 1225 3834 facultates,
1251 3733 1324 3836 qui-

326 3861 393 3940 bus
418 3876 454 3944 et
477 3890 576 3941 sacru
594 3865 783 3961 conficere,
807 3873 844 3935 et
867 3862 989 3934 sarta-'³
1007 3874 1099 3935 tecta
1118 3859 1260 3935 aedium
1275 3885 1323 3934 oa·

327 4015 486 4092 erorum,
516 3990 745 4092 locorumque
778 3989 1020 4064 communium
1051 3988 1139 4060 tueri
1167 3987 1323 4088 possint,
