2910 4954
323 411 395 484 330
619 429 792 481 nrrsronn
817 431 1008 480 cnnxxxrrr.
1101 429 1131 478 n.
1149 431 1182 479 v.
1199 432 1229 480 c.
1247 447 1295 496 ιι,

677 657 947 734 oonxxxrn.
1017 701 1230 763 (ew,
1248 705 1293 758 ..ι

319 843 536 924 Argumentum.
559 837 591 899 L.
613 837 804 899 Caetronium
830 837 973 910 Paetum,
999 837 1167 900 Lucentem
1189 841 1317 900 munici-

357 967 440 1030 pem,
462 946 660 1008 commendat.

583 1127 636 1180 scr.
657 1128 751 1178 Romae
770 1127 800 1178 Δ.
817 1125 852 1178 V.
870 1125 898 1179 C.
916 1125 1044 1178 Dccvu,

512 1301 553 1364 Μ.
579 1301 615 1363 Τ.
641 1299 784 1364 CICERO
809 1296 941 1361 BRVTO
966 1297 996 1360 S.
1020 1295 1054 1359 Ρ.
1077 1297 1115 1359 Ι).

362 1495 401 1564 L.
427 1487 629 1562 Castronius
654 1488 783 1559 Paetus
802 1501 825 1584 ¹,
850 1484 953 1582 longe
979 1484 1143 1586 princeps
1168 1488 1313 1560 munici-

314 1617 365 1719 pii
380 1615 564 1714 Lucensis,
589 1628 642 1686 est
666 1611 851 1712 honestus,
877 1611 991 1710 gravis
1003 1626 1029 1710 ²,
1046 1611 1170 1712 plenus
1192 1613 1312 1712 officii,

312 1743 427 1820 bonus
455 1741 559 1843 plane
583 1739 653 1840 vir,
678 1754 715 1812 et
739 1765 848 1842 quum
873 1719 1079 1836 virtutibus,
1104 1753 1181 1810 tum
1207 1741 1311 1814 etiam

311 1871 472 1968 fortuna,
503 1869 534 1942 si
564 1867 650 1969 quid
680 1865 748 1940 hoc
773 1865 918 1942 adrem
944 1866 1119 1967 pertinet,
1144 1879 1308 1939 ornatus:

311 2023 408 2070 meus
434 2009 551 2068 autem
576 2007 630 2066 est
654 1992 959 2089 familiarissimus,
990 1993 1040 2066 sic
1072 2017 1239 2093 prorsus,
1270 2007 1309 2066 ut

310 2122 421 2196 nostri
437 2121 571 2194 ordinis
588 2118 752 2194 observet
768 2119 943 2193 neminem
963 2119 1173 2219 diligentius.
1191 2123 1308 2214 Quare
1441 2183 1442 2196 .

249 2327 253 2342 ,
309 2263 349 2322 ut
373 2263 409 2321 et
434 2273 550 2320 meum
577 2248 749 2345 amicum,
782 2248 848 2320 et³
875 2259 935 2320 tua
962 2247 1107 2347 dignum
1132 2249 1307 2348 amicitia,

307 2373 371 2449 tibi
397 2373 616 2448 commendo.
643 2373 710 2448 Cui
733 2373 1010 2477 quibuscumque
1033 2372 1138 2448 rebus
1155 2400 1308 2449 commo-

308 2501 463 2602 daveris,
488 2501 553 2574 tibi
584 2501 743 2603 proiecto
768 2500 979 2602 iucundum,
1009 2499 1097 2576 mibi
1122 2515 1218 2578 certe
1243 2503 1308 2576 erit

307 2643 453 2728 gratum.
477 2627 575 2702 Vale.

657 2881 929 2954 CDLXXXIV.
1008 2923 1064 2982 (ιι
1080 2923 1134 2972 ιιι,
1148 2925 1219 2985 ιιι,
1235 2923 1280 2986 ιι)

302 3030 531 3138 Argumentum.
547 3057 643 3132 Petit,
668 3069 703 3119 ut
722 3063 907 3122 exactionem
932 3065 996 3124 eius
1021 3065 1184 3146 pecuniae,
1212 3084 1301 3148 quam

341 3165 375 3224 L.
397 3163 537 3228 Straboni
563 3165 598 3225 P.
619 3163 776 3230 Cornelius
799 3167 944 3243 debebat,
968 3191 1023 3232 sno
1049 3169 1151 3232 studio
1175 3181 1208 3234 et
1232 3171 1300 3232 dili-

341 3271 441 3352 gentis
461 3282 552 3333 curet.

569 3453 623 3506 Ser.
641 3453 737 3508 Romae
754 3456 785 3508 Δ.
803 3455 837 3508 V.
854 3455 883 3508 C.
903 3457 1031 3510 DCCVH.

495 3626 538 3689 M.
562 3627 599 3691 T.
624 3626 768 3692 CICERO
792 3627 925 3694 BRVTO
951 3630 980 3694 S.
1005 3629 1038 3694 P.
1063 3630 1101 3693 Ι).

347 3813 386 3884 L.
412 3813 507 3888 Titio
524 3831 534 3864 ¹
554 3814 745 3918 Strabone,
771 3816 887 3919 equite
911 3819 1087 3918 Romano,
1112 3821 1149 3892 in
1174 3818 1295 3922 primis

297 3938 445 4015 honesto
478 3957 514 4016 et
546 3959 671 4020 ornato
693 3962 718 4045 ²,
743 3943 1006 4023 familiarissime
1039 3960 1128 4022 utor.
1168 3944 1292 4022 Omnis
