2898 4956
322 461 395 554 add
646 477 817 530 rrrsrout
842 479 983 529 curru.
1097 477 1128 528 t.
1147 483 1181 530 v.
1200 483 1228 530 o.
1247 492 1296 545 ,η

510 710 564 762 Str.
585 707 679 761 Romae
696 711 726 761 Δ.
745 709 777 760 V.
796 708 824 761 Cr
845 707 982 776 DCCVH,
1001 705 1036 758 ΙΙ.
1055 707 1125 779 seps.

470 899 513 963 n.
538 899 576 962 r.-
599 899 744 964 crosno
769 897 1053 962 ornamento
1078 897 1108 962 s.
1135 898 1173 961 u.
1216 847 1222 862 ’

370 1093 448 1166 Etsi
472 1115 516 1163 eo
542 1102 577 1161 te
602 1085 717 1161 adhuc
744 1085 890 1161 consilio
912 1113 1014 1162 usum
1038 1085 1213 1187 intelligo,
1230 1103 1270 1161 nt
1285 1087 1324 1164 id

321 1217 577 1320 reprehendere
602 1240 676 1290 uon
706 1215 873 1315 audeam,
897 1240 971 1289 nou
997 1217 1079 1317 quin
1106 1213 1151 1288 ab
1178 1240 1222 1288 eo
1247 1216 1324 1317 ipse

322 1347 543 1443 dissentiam,
568 1343 631 1418 sed
648 1342 746 1445 quod
762 1369 802 1418 ea
821 1357 855 1416 te
872 1343 1044 1443 sapientie
1061 1367 1135 1416 esse
1153 1341 1324 1444 iudicem,

321 1489 362 1546 ut
393 1497 511 1545 meum
542 1467 728 1544 eonsilium
760 1495 833 1545 uon
859 1483 1074 1570 anteponam
1099 1483 1178 1568 tuo;
1204 1483 1325 1543 tumen

320 1613 358 1671 et
382 1598 556 1670 amicitiae
582 1609 722 1670 nostrae
748 1611 918 1695 vetustas,
942 1610 979 1670 et
1005 1611 1063 1669 tua
1089 1619 1225 1668 summu
1243 1621 1325 1696 erga
1438 1665 1439 1696 3

320 1750 378 1798 me
402 1722 658 1823 benivolentia,
681 1723 873 1826 quaemihi
891 1723 962 1795 iam
979 1749 998 1794 a
1016 1723 1167 1824 pueritia
1183 1735 1245 1794 tua
1266 1747 1326 1796 co-
1438 1703 1439 1743 r

322 1851 419 1950 guita
444 1865 513 1949 est,
539 1876 595 1923 me
620 1850 760 1923 hortata
786 1865 858 1948 est,
881 1863 921 1921 ut
944 1875 984 1922 ea
1004 1848 1191 1923 scriberem
1209 1847 1256 1922 ad
1274 1859 1327 1950 te,

322 2004 411 2079 quae
436 1991 474 2053 et
498 1976 600 2052 saluti
627 1991 706 2050 tuae
738 1975 936 2050 conducere
962 1973 1165 2076 arbitrarer,
1190 1989 1229 2048 et
1252 2001 1327 2049 uon

322 2103 433 2177 meua
458 2129 535 2178 esse
561 2102 725 2176 ducerem
751 2102 978 2200 adiguitatc.
1004 2103 1082 2201 Ego
1107 2128 1189 2176 eum
1214 2115 1250 2175 te
1274 2129 1327 2176 es·

321 2243 377 2329 se,
402 2231 462 2332 qui
486 2227 613 2302 horum
637 2227 810 2301 malornm
832 2229 933 2301 initia
951 2228 1064 2302 molto
1081 2243 1162 2302 ante
1181 2228 1327 2327 videris,

321 2356 544 2431 consulatum
570 2355 911 2453 magnificentissime
938 2368 1043 2456 atque
1062 2355 1230 2454 'optime1
1251 2381 1326 2454 ges-

321 2485 423 2583 seris,
448 2482 625 2584 praeclare
651 2481 901 2580 meminizused
925 2480 1020 2555 idem
1038 2483 1143 2554 etiam
1160 2479 1219 2554 illa
1239 2481 1328 2582 vidi,

320 2605 435 2713 sieque
462 2625 497 2683 te
523 2607 708 2684 consilium
735 2604 846 2682 civilis
870 2603 955 2679 belli
980 2607 1029 2679 ita
1055 2605 1197 2706 gerendi
1215 2625 1242 2709 ²,
1267 2635 1328 2682 ne-

321 2762 390 2836 que
415 2735 536 2836 copias
561 2736 625 2810 Cn.
651 2722 815 2834 Pompeii
830 2735 855 2832 ³,
881 2758 946 2806 uec
981 2759 1089 2832 genus
1120 2733 1326 2808 exercitus⁴
1438 2773 1439 2794 κ

200 2873 213 2934 ’.
320 2860 490 2962 probare,
515 2885 722 2960 semperque
748 2885 883 2932 summe
910 2859 1083 2933 diffidere:
1110 2887 1178 2961 qua
1196 2861 1235 2933 in
1253 2885 1327 2934 sen·
1438 2877 1439 2968 ἐ

320 2987 430 3060 tentia
464 3011 520 3058 me
546 3009 687 3086 quoque
719 2983 843 3080 fuisse,
870 2988 1038 3060 memoria
1063 3000 1182 3060 tenere
1207 3001 1245 3060 te
1271 3015 1325 3062 ar·

320 3113 443 3188 bitror.
474 3113 598 3212 Itaque
623 3136 737 3212 neque
762 3124 800 3183 tu
827 3110 977 3186 multum
1009 3111 1197 3188 interfuisti
1222 3113 1325 3188 rebus
1438 3155 1439 3160 =

223 3212 227 3228 ἢ
321 3239 500 3339 gerendis3
525 3253 561 3312 et
592 3263 656 3337 ego
687 3237 725 3310 id
757 3243 897 3338 seinper
927 3239 1002 3339 egi,
1033 3265 1078 3312 ue
1109 3240 1323 3314 interessem.

217 3465 222 3470 ἡ
321 3369 404 3444 Non
437 3366 533 3440 onim
563 3365 606 3456 iis
639 3364 742 3439 rebus
768 3364 1028 3468 pugnabamus,
1057 3366 1185 3470 quibus
1210 3367 1325 3444 valen.

320 3509 542 3598 poteramus,
558 3491 722 3588 consilio,
740 3491 963 3593 auctoritate,
977 3519 1103 3593 censen²
1119 3519 1210 3596 quae
1227 3508 1328 3569 eraut

320 3625 359 3697 in
382 3621 487 3698 nobis
512 3621 708 3723 superiora;
733 3617 796 3692 sed
818 3616 1013 3693 lacertis'et
1029 3620 1182 3723 viribus,
1199 3620 1325 3724 quibus

320 3775 424 3848 pares
447 3775 522 3825 uon
539 3773 684 3821 eramus.
702 3729 804 3818 Victi
816 3769 937 3821 sumus
953 3747 1075 3846 igitnr3
1093 3761 1169 3849 aut,
1185 3750 1217 3825 si
1234 3726 1327 3824 vinci

319 3873 473 3973 dignitas
505 3900 579 3950 uon
610 3886 752 3975 potest,
782 3871 885 3964 fracti
918 3888 1034 3976 certe,
1058 3888 1095 3948 et
1120 3874 1259 3948 abiecti.
1284 3875 1325 3948 In

316 4028 392 4106 quo
431 4016 530 4076 tunm
563 3999 746 4078 consilium
778 4024 884 4076 nemo
917 4015 1037 4102 potest
1069 4028 1144 4083 uon
1175 4002 1324 4078 maxime
