2850 4952
305 466 355 542 9⁰
644 459 816 510 srrsnonx
842 461 964 512 coxan.
1083 461 1115 509 n.
1132 463 1165 514 v.
1184 461 1214 510 c.
1232 461 1282 522 quc

305 580 381 640 tute
405 579 441 637 et
459 561 629 664 'singulari
653 561 886 664 humanitate,
910 565 1069 662 puriore
1095 565 1203 638 etiam
1227 588 1306 638 sum

306 692 428 768 dolore
460 689 625 790 allectus,
655 705 776 765 nostra
806 689 939 765 lactum
972 715 1047 763 esse
1071 689 1306 791 negligentia,

305 835 347 896 ut
369 819 473 918 longe
498 817 564 890 slis
588 818 625 890 in
650 817 817 892 lortuua’
834 831 943 918 esset,
961 831 1065 924 atque
1091 815 1164 890 eius
1189 819 1318 920 pietas

307 973 350 1020 sc
375 943 526 1044 dignitas
550 939 761 1045 postulabat
793 940 904 1019 Nobis
932 944 1069 1018 eratin
1094 943 1211 1018 auimo
1244 945 1303 1018 Ci-

308 1097 471 1153 ceronem
507 1069 553 1146 ad
584 1071 769 1146 Caesarem
801 1072 960 1170 mittere,
991 1083 1028 1143 et
1059 1095 1140 1144 cum
1169 1095 1212 1144 eo
1238 1071 1302 1146 Cn.
1412 1147 1413 1154 χ

214 1269 219 1276 .
308 1197 518 1274 Sallustium.
544 1197 581 1274 si
604 1196 782 1298 profectus
807 1196 890 1294 erit,
905 1195 1030 1272 luciam
1047 1209 1083 1268 te
1107 1185 1305 1270 certiorem.

307 1323 547 1398 Valituffiuem
572 1336 669 1398 tuam
694 1349 778 1398 cura
803 1321 994 1422 diligenter.
1026 1319 1125 1394 Vale.
1159 1321 1305 1395 xvn³

307 1447 486 1521 Kalendas
508 1447 654 1543 Quintil.

718 1696 881 1774 CDXIV·
1035 1739 1090 1800 (ns
1104 1739 1156 1788 arr.
1171 1738 1221 1802 xr,
1239 1742 1282 1798 rs)

306 1879 526 1956 Argumentum
546 1875 659 1938 Filium
679 1897 712 1938 se
732 1881 790 1938 iam
811 1897 890 1949 oon,
902 1887 937 1938 ut
951 1879 1161 1949 constituerat,
1174 1876 1214 1938 sd
1228 1877 1305 1939 Cae·

345 2003 442 2043 sorem
463 1984 646 2056 missurum,
666 1981 785 2066 sibique
805 1983 1046 2045 molestissimum
1068 1991 1131 2046 esse
1150 1983 1305 2046 Brundisii

346 2088 458 2150 diutius
477 2093 682 2166 commorari„
700 2089 856 2172 significat.

390 2247 395 2342 J
432 2293 488 2360 sn,
504 2293 632 2353 arnus
649 2296 682 2350 s.
701 2295 733 2350 v.
750 2295 781 2352 c
798 2293 921 2360 uccvr.
938 2295 987 2354 xu
1007 2296 1065 2352 xn
1083 2296 1176 2368 Quinc

359 2523 362 2530 -
462 2591 464 2596 Ι
580 2531 583 2541 ,
616 2438 991 2581 crcuuoxxr1cos.

354 2705 408 2776 De
434 2704 524 2778 illius
544 2722 555 2756 ¹
581 2704 792 2779 Alexandria
817 2706 970 2780 discessu
995 2679 1084 2779 nihil
1107 2673 1226 2782 adlruc
1250 2735 1306 2782 ru·

304 2829 430 2926 moris,
464 2841 655 2930 contraque
687 2831 830 2930 opinio,
856 2830 960 2903 valde
984 2856 1060 2904 csse
1084 2817 1305 2934 impeditum.

305 2953 429 3054 Itaque
451 2977 519 3025 nec
543 2955 669 3052 mitto,
697 2967 738 3026 ut
762 2955 1029 3058 constitueram,
1053 2958 1261 3033 Ciceronem
1280 2977 1307 3059 ²,

304 3091 341 3150 et
365 3090 401 3149 te
426 3102 532 3180 rogo,
557 3091 598 3151 ut
622 3106 678 3152 me
702 3079 784 3152 hinc
810 3082 997 3181 expedias:
1030 3083 1180 3185 quodvis
1206 3089 1306 3158 enim

305 3200 516 3311 supplicium
550 3203 661 3279 levius
693 3219 746 3280 est
776 3203 843 3280 hac
868 3211 1120 3310 permansione.
1152 3209 1231 3283 Hac
1258 3211 1306 3284 de

303 3355 342 3404 re
366 3343 403 3403 et
428 3327 475 3402 ad
497 3331 721 3406 Antonium³
747 3335 891 3434 scripsi,
925 3346 961 3406 et
992 3333 1039 3407 ad
1066 3333 1241 3434 Balbum,
1268 3351 1308 3410 et

302 3455 350 3530 ad
375 3456 541 3557 Oppium.
574 3458 656 3534 Sive
685 3461 779 3534 enim
803 3459 934 3532 bellum
958 3459 996 3530 in
1020 3459 1119 3534 ltalia
1143 3461 1306 3538 futurum

302 3594 356 3653 est
370 3580 398 3680 4,
423 3583 497 3656 sive
522 3565 688 3662 classilrus
712 3599 852 3683 utetur3
875 3584 934 3656 lric
959 3609 1034 3660 esse
1059 3611 1132 3684 me,
1157 3588 1304 3662 minime

300 3708 484 3781 convenit:
510 3735 657 3810 quorum
681 3711 825 3784 sortasse
847 3723 1033 3811 utrumque
1050 3693 1131 3812 erit3
1149 3696 1304 3787 alteium

299 3841 402 3902 certe.
427 3833 586 3909 Intellexi
612 3838 754 3910 omniuo
779 3861 822 3909 ex
847 3835 956 3936 Oppii
981 3859 1168 3936 sermone,
1192 3863 1304 3939 quern

299 3967 337 4028 tu
363 3955 450 4030 mihi
474 3961 659 4061 scripsisti,
682 3987 770 4063 quae
796 3963 942 4036 istorum
967 3963 1025 4038 uia
1051 3977 1141 4036 esset
1158 3965 1189 4036 ⁵:
1214 3965 1304 4062 sed,
