2880 4956
329 395 376 489 42
684 415 861 468 crrsrou
885 418 943 470 cue
1101 419 1131 474 t.
1149 420 1183 473 v.
1200 420 1230 470 c.
1247 421 1296 483 με

331 519 547 593 tribunorum
584 517 674 591 sacta
707 532 797 591 sunt
830 519 966 611 Quare·
982 521 1136 620 poterit,
1168 523 1198 596 si
1228 523 1325 598 volet

327 645 394 719 sibi
419 659 593 744 constare,
616 658 755 718 nostros
775 643 913 717 lictores
927 644 1169 746 comprobare.
1188 647 1324 740 Quam-

328 799 432 875 quam
458 771 543 873 quid
567 797 632 872 ego
658 769 929 869 delictoribus,
958 773 1017 876 qui
1043 797 1156 872 paene
1181 799 1224 846 cx
1250 775 1323 851 lta·

325 898 372 973 lia
398 898 565 972 decedere
590 899 655 971 sim
680 897 818 971 iussus?
849 923 932 972 nam
948 891 951 901 ¹
966 897 1012 970 ad
1045 925 1102 972 me
1131 885 1225 972 iuisit
1250 901 1325 975 An-

326 1025 476 1099 toniusl
509 1023 707 1127 exemplum
736 1025 897 1098 Caesaris
928 1022 975 1097 ed
997 1050 1036 1098 ce
1060 1023 1262 1124 literamm,
1287 1029 1323 1100 in

325 1149 449 1253 quibus
475 1165 571 1250 erat,
603 1175 639 1224 sc
670 1147 866 1248 audivisse,
899 1151 1092 1249 Catonem,
1121 1163 1157 1225 et
1179 1153 1220 1225 L.
1248 1153 1324 1226 Me-

323 1275 471 1350 tellum⁵
496 1277 533 1349 in
557 1275 695 1349 Italiam
719 1275 875 1375 venisse,
899 1253 1032 1348 llornae
1056 1255 1239 1374 messem
1263 1305 1324 1380 pa·

320 1401 411 1476 lam:
444 1389 487 1473 ¹id
518 1382 583 1474 sibi
620 1427 693 1476 non
718 1399 876 1505 placere,
906 1428 950 1474 ue
973 1403 1041 1502 'qui
1067 1396 1184 1482 motus
1209 1429 1253 1481 ex
1279 1431 1323 1480 eo

321 1531 466 1626 fierent,
502 1525 751 1628 prolriberique
783 1553 904 1600 omnes
929 1517 1047 1625 Italia,
1075 1504 1323 1631 uieiflquorum

320 1657 395 1755 ipse
420 1679 561 1727 causam
586 1654 828 1752 cognovisset5
862 1653 975 1755 deque
1009 1679 1052 1726 eo
1077 1654 1321 1730 vehementius

320 1795 395 1856 erat
418 1781 596 1882 scriptum.
621 1783 744 1881 Itaque
763 1781 937 1854 Antonius
962 1779 1108 1880 petebat
1132 1807 1152 1854 a
1178 1807 1236 1854 me
1257 1809 1322 1882 per

318 1907 455 2006 literas,
479 1921 520 1984 ut
544 1905 611 1982 sibi
635 1907 865 2006 ignoscerem:
890 1905 1004 1982 lacere
1029 1932 1066 1980 sc
1091 1933 1165 1994 uon
1179 1934 1319 2010 posse,

315 2036 404 2137 quin
428 2036 469 2107 iis
494 2034 603 2108 literis
628 2046 775 2134 pareret.
801 2033 894 2106 Tum
920 2031 968 2106 ed
990 2059 1073 2109 cum
1097 2034 1178 2106 misi
1194 2038 1233 2110 L.
1250 2037 1319 2110 La-

318 2162 424 2233 miam
435 2216 446 2260 ,
478 2161 538 2267 qui
571 2158 846 2258 demonstraret,
875 2157 1008 2231 illum⁶
1036 2154 1240 2234 Dolabellae
1265 2161 1320 2232 di-

311 2266 429 2384 xisse,
459 2299 500 2361 ut
531 2285 578 2360 ad
609 2311 665 2363 me
689 2283 880 2382 scriberet,
906 2297 946 2363 ut
968 2285 1007 2366 in
1030 2284 1170 2373 ltaliam
1196 2313 1319 2387 quam-

315 2413 467 2514 primum
499 2413 678 2512 venirem,
709 2414 784 2484 eius
818 2435 876 2484 me
910 2411 1019 2486 literis
1052 2413 1197 2486 venisse.
1223 2414 1317 2486 Tum

313 2539 370 2612 ille
396 2539 506 2612 edixit
529 2540 595 2638 ita,
620 2553 660 2612 ut
685 2565 741 2610 me
768 2538 961 2638 exciperet,
987 2551 1023 2610 et
1046 2537 1232 2612 Laeliumt
1253 2563 1319 2613 no·

312 2665 481 2744 minatici.
508 2665 616 2757 Quod
641 2689 725 2738 seue
749 2663 889 2743 nollem.
914 2666 1060 2740 Poterat
1085 2665 1202 2763 enim,
1239 2665 1317 2738 siue

312 2788 472 2887 nornine,
496 2814 534 2861 re
558 2791 636 2888 ipsa
661 2790 775 2888 excipi
792 2791 818 2860 ⁸.
844 2791 876 2862 0
902 2789 1029 2863 multas
1055 2803 1238 2889 etgraves
1263 2791 1316 2866 ol-

312 2915 507 2989 scnsionest
543 2941 629 3017 quas
664 2914 828 3017 quidem,
853 2929 893 2990 tu
915 2915 1175 3017 das'nperam,
1199 2931 1241 2990 ut
1264 2916 1316 2990 le·

312 3042 408 3114 nias:
445 3067 511 3114 nec
548 3055 666 3116 tameu
702 3041 791 3114 nihil
825 3043 988 3143 proficis:
1023 3043 1109 3145 quin
1137 3043 1207 3118 hoc
1232 3045 1314 3145 ipso

311 3168 438 3245 minuis
471 3163 629 3242 dolorem
663 3193 802 3268 meum,
836 3167 954 3270 quod,
988 3183 1028 3242 ut
1049 3170 1212 3277 minuas,
1238 3183 1313 3244 tam

311 3294 413 3368 valde
437 3293 592 3394 laboras,
615 3295 722 3400 idque
747 3295 853 3368 velim
877 3321 923 3368 ne
949 3321 1092 3394 gravere
1115 3321 1220 3400 quam
1238 3323 1312 3369 sae·

307 3421 451 3519 pissime
476 3419 597 3500 secere.
622 3423 775 3498 Maxime
793 3436 910 3496 autem
929 3447 1112 3534 assequere
1129 3403 1226 3538 quod
1243 3423 1312 3522 vis,

300 3545 338 3621 si
363 3572 418 3623 me
441 3546 646 3648 adduxeris,
670 3563 711 3622 ut
734 3548 948 3646 existimem,
964 3573 1029 3634 'me
1053 3547 1229 3637 botrorum
1256 3552 1312 3650 iu-

308 3669 440 3748 dicium
462 3699 537 3748 nou
556 3673 715 3750 funditus
732 3673 963 3774 perdidiusee.
979 3676 1204 3776 Quamquam
1222 3675 1311 3778 quid

302 3807 345 3864 tu
371 3787 408 3869 iu
433 3825 474 3872 eo
506 3800 631 3902 potcsl
664 3801 752 3874 uilril
784 3799 925 3874 scilicet
957 3799 1052 3900 Sed,
1084 3800 1309 3904 siquid‘res

308 3915 406 3992 dabit
431 3923 495 3996 tibi
518 3927 711 4025 facultatis,
736 3927 774 4000 id
798 3953 857 4000 me
879 3923 1033 4001 maxim
1051 3925 1226 4002 consolari
1243 3949 1309 4028 po-
