<?xml version="1.0" encoding="UTF-8"?>
<!DOCTYPE html PUBLIC "-//W3C//DTD XHTML 1.0 Transitional//EN"
    "http://www.w3.org/TR/xhtml1/DTD/xhtml1-transitional.dtd">
<html xmlns="http://www.w3.org/1999/xhtml" xml:lang="en" lang="en">
 <head>
  <title>
</title>
<meta http-equiv="Content-Type" content="text/html;charset=utf-8" />
  <meta name='ocr-system' content='tesseract 3.04.00' />
  <meta name='ocr-capabilities' content='ocr_page ocr_carea ocr_par ocr_line ocrx_word'/>
</head>
<body>
  <div class='ocr_page' id='page_1' title='image "./mtulliiciceroni66cicegoog/mtulliiciceroni66cicegoog_0227.png"; bbox 0 0 2898 4956; ppageno 0'>
   <div class='ocr_carea' id='block_1_1' title="bbox 342 485 1316 553">
    <p class='ocr_par' dir='ltr' id='par_1_1' title="bbox 342 485 1316 553">
     <span class='ocr_line' id='line_1_1' title="bbox 342 485 1316 553; baseline -0.008 -7"><span class='ocrx_word' id='word_1_1' title='bbox 342 498 414 546; x_wconf 75' lang='lat'>2³2</span> <span class='ocrx_word' id='word_1_2' title='bbox 693 487 864 540; x_wconf 67' lang='grc' dir='ltr'>ΙΡΙθΤΟΙΛ</span> <span class='ocrx_word' id='word_1_3' title='bbox 889 489 1005 538; x_wconf 72' lang='lat' dir='ltr'>couvi.</span> <span class='ocrx_word' id='word_1_4' title='bbox 1118 485 1151 535; x_wconf 77' lang='grc' dir='ltr'>Δ.</span> <span class='ocrx_word' id='word_1_5' title='bbox 1167 489 1202 536; x_wconf 73' lang='lat' dir='ltr'>V.</span> <span class='ocrx_word' id='word_1_6' title='bbox 1219 489 1248 536; x_wconf 66' lang='grc' dir='ltr'>θ.</span> <span class='ocrx_word' id='word_1_7' title='bbox 1267 502 1316 553; x_wconf 73' lang='lat'>707</span> 
     </span>
    </p>
   </div>
   <div class='ocr_carea' id='block_1_2' title="bbox 761 715 1318 820">
    <p class='ocr_par' dir='ltr' id='par_1_2' title="bbox 761 715 1318 820">
     <span class='ocr_line' id='line_1_2' title="bbox 761 715 1318 820; baseline -0.009 -26"><span class='ocrx_word' id='word_1_8' title='bbox 761 715 918 794; x_wconf 80' lang='lat' dir='ltr'>CDLVl</span> <span class='ocrx_word' id='word_1_9' title='bbox 1089 757 1318 820; x_wconf 44' lang='lat' dir='ltr'>(mmm,</span> 
     </span>
    </p>
   </div>
   <div class='ocr_carea' id='block_1_3' title="bbox 337 893 1343 1196">
    <p class='ocr_par' dir='ltr' id='par_1_3' title="bbox 337 893 1343 1196">
     <span class='ocr_line' id='line_1_3' title="bbox 337 893 1343 986; baseline -0.002 -24"><span class='ocrx_word' id='word_1_10' title='bbox 337 904 561 986; x_wconf 59' lang='lat' dir='ltr'>deponentem.</span> <span class='ocrx_word' id='word_1_11' title='bbox 581 900 722 972; x_wconf 82' lang='lat' dir='ltr'>locetur.</span> <span class='ocrx_word' id='word_1_12' title='bbox 747 918 779 960; x_wconf 80' lang='lat' dir='ltr'>ee</span> <span class='ocrx_word' id='word_1_13' title='bbox 798 897 985 981; x_wconf 82' lang='lat' dir='ltr'>Epicureum</span> <span class='ocrx_word' id='word_1_14' title='bbox 1006 897 1139 968; x_wconf 83' lang='lat' dir='ltr'>factum,</span> <span class='ocrx_word' id='word_1_15' title='bbox 1159 893 1279 958; x_wconf 80' lang='lat' dir='ltr'>abiecta</span> <span class='ocrx_word' id='word_1_16' title='bbox 1298 901 1343 960; x_wconf 83' lang='lat' dir='ltr'>rei</span> 
     </span>
     <span class='ocr_line' id='line_1_4' title="bbox 380 1004 1343 1095; baseline -0.002 -25"><span class='ocrx_word' id='word_1_17' title='bbox 380 1007 520 1095; x_wconf 77' lang='lat' dir='ltr'>publicae</span> <span class='ocrx_word' id='word_1_18' title='bbox 540 1029 633 1080; x_wconf 84' lang='lat' dir='ltr'>cura,</span> <span class='ocrx_word' id='word_1_19' title='bbox 658 1005 788 1088; x_wconf 87' lang='lat' dir='ltr'>ideoque</span> <span class='ocrx_word' id='word_1_20' title='bbox 809 1004 942 1077; x_wconf 84' lang='lat' dir='ltr'>lautius,</span> <span class='ocrx_word' id='word_1_21' title='bbox 965 1023 1059 1086; x_wconf 79' lang='lat' dir='ltr'>quem</span> <span class='ocrx_word' id='word_1_22' title='bbox 1079 1015 1168 1065; x_wconf 78' lang='lat' dir='ltr'>antea</span> <span class='ocrx_word' id='word_1_23' title='bbox 1188 1007 1343 1090; x_wconf 80' lang='lat' dir='ltr'>accipien-</span> 
     </span>
     <span class='ocr_line' id='line_1_5' title="bbox 379 1110 1342 1196; baseline -0.006 -17"><span class='ocrx_word' id='word_1_24' title='bbox 379 1117 453 1194; x_wconf 79' lang='lat' dir='ltr'>dum</span> <span class='ocrx_word' id='word_1_25' title='bbox 474 1137 545 1179; x_wconf 79' lang='lat' dir='ltr'>esne.</span> <span class='ocrx_word' id='word_1_26' title='bbox 565 1114 681 1176; x_wconf 81' lang='lat' dir='ltr'>Deinde</span> <span class='ocrx_word' id='word_1_27' title='bbox 701 1115 832 1175; x_wconf 78' lang='lat' dir='ltr'>rauonea</span> <span class='ocrx_word' id='word_1_28' title='bbox 852 1132 924 1174; x_wconf 81' lang='lat' dir='ltr'>aune</span> <span class='ocrx_word' id='word_1_29' title='bbox 941 1114 1021 1174; x_wconf 84' lang='lat' dir='ltr'>vitae</span> <span class='ocrx_word' id='word_1_30' title='bbox 1033 1123 1064 1174; x_wconf 86' lang='lat' dir='ltr'>et</span> <span class='ocrx_word' id='word_1_31' title='bbox 1077 1110 1251 1176; x_wconf 79' lang='lat' dir='ltr'>studiorum</span> <span class='ocrx_word' id='word_1_32' title='bbox 1269 1133 1342 1196; x_wconf 80' lang='lat' dir='ltr'>pec-</span> 
     </span>
    </p>
   </div>
   <div class='ocr_carea' id='block_1_4' title="bbox 379 1222 1163 1494">
    <p class='ocr_par' dir='ltr' id='par_1_4' title="bbox 379 1222 1163 1494">
     <span class='ocr_line' id='line_1_6' title="bbox 379 1222 492 1288; baseline -0.035 0"><span class='ocrx_word' id='word_1_33' title='bbox 379 1222 492 1288; x_wconf 75' lang='lat' dir='ltr'>cei-ibit.</span> 
     </span>
     <span class='ocr_line' id='line_1_7' title="bbox 522 1423 1163 1494; baseline -0.005 -12"><span class='ocrx_word' id='word_1_34' title='bbox 522 1431 577 1482; x_wconf 84' lang='lat' dir='ltr'>Ser.</span> <span class='ocrx_word' id='word_1_35' title='bbox 597 1430 692 1482; x_wconf 72' lang='lat' dir='ltr'>nonae</span> <span class='ocrx_word' id='word_1_36' title='bbox 709 1429 740 1480; x_wconf 86' lang='grc' dir='ltr'>Δ.</span> <span class='ocrx_word' id='word_1_37' title='bbox 759 1425 793 1480; x_wconf 86' lang='lat' dir='ltr'>V.</span> <span class='ocrx_word' id='word_1_38' title='bbox 811 1427 841 1480; x_wconf 86' lang='lat' dir='ltr'>C.</span> <span class='ocrx_word' id='word_1_39' title='bbox 860 1425 995 1494; x_wconf 82' lang='lat' dir='ltr'>uccvu,</span> <span class='ocrx_word' id='word_1_40' title='bbox 1012 1425 1048 1479; x_wconf 80' lang='grc' dir='ltr'>Μ.</span> <span class='ocrx_word' id='word_1_41' title='bbox 1064 1423 1163 1480; x_wconf 82' lang='lat' dir='ltr'>Sextili.</span> 
     </span>
    </p>
   </div>
   <div class='ocr_carea' id='block_1_5' title="bbox 687 1633 990 1701">
    <p class='ocr_par' dir='ltr' id='par_1_5' title="bbox 687 1633 990 1701">
     <span class='ocr_line' id='line_1_8' title="bbox 687 1633 990 1701; baseline -0.003 0"><span class='ocrx_word' id='word_1_42' title='bbox 687 1633 832 1701; x_wconf 83' lang='lat' dir='ltr'>CICERO</span> <span class='ocrx_word' id='word_1_43' title='bbox 858 1633 990 1700; x_wconf 80' lang='lat' dir='ltr'><strong>PAETO</strong></span> 
     </span>
    </p>
   </div>
   <div class='ocr_carea' id='block_1_6' title="bbox 334 1849 1444 4119">
    <p class='ocr_par' dir='ltr' id='par_1_6' title="bbox 334 1849 1444 4119">
     <span class='ocr_line' id='line_1_9' title="bbox 387 1849 1343 1958; baseline -0.002 -28"><span class='ocrx_word' id='word_1_44' title='bbox 387 1851 581 1958; x_wconf 81' lang='lat' dir='ltr'>Dupliciter</span> <span class='ocrx_word' id='word_1_45' title='bbox 607 1851 800 1928; x_wconf 84' lang='lat' dir='ltr'>delectatus</span> <span class='ocrx_word' id='word_1_46' title='bbox 825 1877 903 1925; x_wconf 81' lang='lat' dir='ltr'>sum</span> <span class='ocrx_word' id='word_1_47' title='bbox 927 1853 996 1925; x_wconf 90' lang='lat' dir='ltr'>tuis</span> <span class='ocrx_word' id='word_1_48' title='bbox 1020 1849 1151 1951; x_wconf 83' lang='lat' dir='ltr'>literis,</span> <span class='ocrx_word' id='word_1_49' title='bbox 1181 1863 1220 1925; x_wconf 87' lang='lat' dir='ltr'>et</span> <span class='ocrx_word' id='word_1_50' title='bbox 1245 1853 1343 1956; x_wconf 88' lang='lat' dir='ltr'>quod</span> 
     </span>
     <span class='ocr_line' id='line_1_10' title="bbox 337 1978 1341 2086; baseline -0.006 -25"><span class='ocrx_word' id='word_1_51' title='bbox 337 1990 415 2086; x_wconf 79' lang='lat' dir='ltr'>ipae</span> <span class='ocrx_word' id='word_1_52' title='bbox 439 1983 516 2082; x_wconf 78' lang='lat' dir='ltr'>risi,</span> <span class='ocrx_word' id='word_1_53' title='bbox 547 1995 583 2056; x_wconf 94' lang='lat' dir='ltr'>et</span> <span class='ocrx_word' id='word_1_54' title='bbox 615 1980 712 2084; x_wconf 89' lang='lat' dir='ltr'>quod</span> <span class='ocrx_word' id='word_1_55' title='bbox 744 1994 780 2056; x_wconf 92' lang='lat' dir='ltr'>te</span> <span class='ocrx_word' id='word_1_56' title='bbox 811 1978 967 2054; x_wconf 81' lang='lat' dir='ltr'>intellexi</span> <span class='ocrx_word' id='word_1_57' title='bbox 990 1980 1062 2052; x_wconf 93' lang='lat' dir='ltr'>iam</span> <span class='ocrx_word' id='word_1_58' title='bbox 1085 2005 1193 2082; x_wconf 83' lang='lat' dir='ltr'>posse</span> <span class='ocrx_word' id='word_1_59' title='bbox 1218 1979 1341 2056; x_wconf 85' lang='lat' dir='ltr'>ridere</span> 
     </span>
     <span class='ocr_line' id='line_1_11' title="bbox 336 2105 1343 2208; baseline -0.003 -21"><span class='ocrx_word' id='word_1_60' title='bbox 336 2111 397 2188; x_wconf 79' lang='lat' dir='ltr'>tte</span> <span class='ocrx_word' id='word_1_61' title='bbox 415 2122 540 2190; x_wconf 77' lang='lat' dir='ltr'>,autem</span> <span class='ocrx_word' id='word_1_62' title='bbox 564 2135 586 2185; x_wconf 81' lang='lat' dir='ltr'>a</span> <span class='ocrx_word' id='word_1_63' title='bbox 610 2122 663 2208; x_wconf 84' lang='lat' dir='ltr'>te,</span> <span class='ocrx_word' id='word_1_64' title='bbox 687 2120 729 2182; x_wconf 91' lang='lat' dir='ltr'>ut</span> <span class='ocrx_word' id='word_1_65' title='bbox 753 2131 909 2180; x_wconf 83' lang='lat' dir='ltr'>scurram</span> <span class='ocrx_word' id='word_1_66' title='bbox 933 2105 1093 2206; x_wconf 80' lang='lat' dir='ltr'>velitem,</span> <span class='ocrx_word' id='word_1_67' title='bbox 1124 2106 1227 2182; x_wconf 81' lang='lat' dir='ltr'>malie</span> <span class='ocrx_word' id='word_1_68' title='bbox 1256 2131 1343 2184; x_wconf 82' lang='lat' dir='ltr'>one·</span> 
     </span>
     <span class='ocr_line' id='line_1_12' title="bbox 335 2233 1343 2336; baseline -0.003 -24"><span class='ocrx_word' id='word_1_69' title='bbox 335 2251 453 2312; x_wconf 76' lang='lat' dir='ltr'>tntum</span> <span class='ocrx_word' id='word_1_70' title='bbox 479 2262 571 2336; x_wconf 77' lang='lat' dir='ltr'>eene,</span> <span class='ocrx_word' id='word_1_71' title='bbox 599 2259 676 2310; x_wconf 92' lang='lat' dir='ltr'>non</span> <span class='ocrx_word' id='word_1_72' title='bbox 710 2233 858 2308; x_wconf 76' lang='lat' dir='ltr'>molente</span> <span class='ocrx_word' id='word_1_73' title='bbox 889 2233 955 2307; x_wconf 89' lang='lat' dir='ltr'>tuli</span> <span class='ocrx_word' id='word_1_74' title='bbox 973 2249 996 2310; x_wconf 86' lang='lat'>¹.</span> <span class='ocrx_word' id='word_1_75' title='bbox 1029 2233 1123 2308; x_wconf 81' lang='lat' dir='ltr'>Illud</span> <span class='ocrx_word' id='word_1_76' title='bbox 1154 2233 1277 2336; x_wconf 80' lang='lat' dir='ltr'>doleo,</span> <span class='ocrx_word' id='word_1_77' title='bbox 1300 2236 1343 2309; x_wconf 88' lang='lat' dir='ltr'>in</span> 
     </span>
     <span class='ocr_line' id='line_1_13' title="bbox 334 2355 1444 2464; baseline -0.005 -26"><span class='ocrx_word' id='word_1_78' title='bbox 334 2365 405 2438; x_wconf 82' lang='lat' dir='ltr'>iata</span> <span class='ocrx_word' id='word_1_79' title='bbox 428 2362 507 2439; x_wconf 85' lang='lat' dir='ltr'>loca</span> <span class='ocrx_word' id='word_1_80' title='bbox 531 2355 652 2438; x_wconf 77' lang='lat' dir='ltr'>venire</span> <span class='ocrx_word' id='word_1_81' title='bbox 681 2381 741 2438; x_wconf 87' lang='lat' dir='ltr'>me</span> <span class='ocrx_word' id='word_1_82' title='bbox 759 2377 785 2464; x_wconf 83' lang='lat'>³,</span> <span class='ocrx_word' id='word_1_83' title='bbox 809 2375 850 2436; x_wconf 91' lang='lat' dir='ltr'>ut</span> <span class='ocrx_word' id='word_1_84' title='bbox 874 2363 1144 2463; x_wconf 74' lang='lat' dir='ltr'>constitueram,</span> <span class='ocrx_word' id='word_1_85' title='bbox 1173 2385 1249 2436; x_wconf 92' lang='lat' dir='ltr'>non</span> <span class='ocrx_word' id='word_1_86' title='bbox 1272 2385 1343 2464; x_wconf 90' lang='lat' dir='ltr'>po-</span> <span class='ocrx_word' id='word_1_87' title='bbox 1443 2375 1444 2462; x_wconf 34' lang='grc' dir='ltr'><strong>ᾗ</strong></span> 
     </span>
     <span class='ocr_line' id='line_1_14' title="bbox 334 2489 1344 2592; baseline -0.001 -26"><span class='ocrx_word' id='word_1_88' title='bbox 334 2491 453 2567; x_wconf 84' lang='lat' dir='ltr'>tuisse.</span> <span class='ocrx_word' id='word_1_89' title='bbox 478 2489 668 2566; x_wconf 78' lang='lat' dir='ltr'>Habuinsee</span> <span class='ocrx_word' id='word_1_90' title='bbox 691 2491 789 2566; x_wconf 84' lang='lat' dir='ltr'>enim</span> <span class='ocrx_word' id='word_1_91' title='bbox 811 2513 886 2566; x_wconf 92' lang='lat' dir='ltr'>non</span> <span class='ocrx_word' id='word_1_92' title='bbox 908 2489 1105 2592; x_wconf 74' lang='lat' dir='ltr'>hospitem,</span> <span class='ocrx_word' id='word_1_93' title='bbox 1128 2489 1193 2565; x_wconf 82' lang='lat' dir='ltr'>ced</span> <span class='ocrx_word' id='word_1_94' title='bbox 1218 2501 1344 2565; x_wconf 84' lang='lat' dir='ltr'>contu·</span> 
     </span>
     <span class='ocr_line' id='line_1_15' title="bbox 336 2611 1343 2722; baseline -0.002 -30"><span class='ocrx_word' id='word_1_95' title='bbox 336 2611 518 2693; x_wconf 82' lang='lat' dir='ltr'>bemalem</span> <span class='ocrx_word' id='word_1_96' title='bbox 534 2619 558 2694; x_wconf 82' lang='lat'>³.</span> <span class='ocrx_word' id='word_1_97' title='bbox 583 2622 632 2696; x_wconf 85' lang='lat' dir='ltr'>At</span> <span class='ocrx_word' id='word_1_98' title='bbox 658 2646 763 2722; x_wconf 88' lang='lat' dir='ltr'>quem</span> <span class='ocrx_word' id='word_1_99' title='bbox 787 2614 924 2694; x_wconf 83' lang='lat' dir='ltr'>vimml</span> <span class='ocrx_word' id='word_1_100' title='bbox 948 2643 1022 2692; x_wconf 93' lang='lat' dir='ltr'>non</span> <span class='ocrx_word' id='word_1_101' title='bbox 1048 2641 1146 2718; x_wconf 82' lang='lat' dir='ltr'>eum,</span> <span class='ocrx_word' id='word_1_102' title='bbox 1170 2642 1281 2720; x_wconf 88' lang='lat' dir='ltr'>quem</span> <span class='ocrx_word' id='word_1_103' title='bbox 1304 2629 1343 2691; x_wconf 87' lang='lat' dir='ltr'>tn</span> 
     </span>
     <span class='ocr_line' id='line_1_16' title="bbox 339 2735 1343 2848; baseline 0 -30"><span class='ocrx_word' id='word_1_104' title='bbox 339 2767 377 2818; x_wconf 83' lang='lat' dir='ltr'>es</span> <span class='ocrx_word' id='word_1_105' title='bbox 401 2743 524 2821; x_wconf 80' lang='lat' dir='ltr'>solitus</span> <span class='ocrx_word' id='word_1_106' title='bbox 548 2741 766 2848; x_wconf 84' lang='lat' dir='ltr'>promulside</span> <span class='ocrx_word' id='word_1_107' title='bbox 791 2747 963 2821; x_wconf 86' lang='lat' dir='ltr'>conficere</span> <span class='ocrx_word' id='word_1_108' title='bbox 975 2743 1001 2818; x_wconf 77' lang='lat' dir='ltr'>l.</span> <span class='ocrx_word' id='word_1_109' title='bbox 1017 2735 1196 2846; x_wconf 76' lang='lat' dir='ltr'>Integnnm</span> <span class='ocrx_word' id='word_1_110' title='bbox 1213 2741 1343 2819; x_wconf 79' lang='lat' dir='ltr'>famem</span> 
     </span>
     <span class='ocr_line' id='line_1_17' title="bbox 335 2868 1342 2976; baseline 0.004 -34"><span class='ocrx_word' id='word_1_111' title='bbox 335 2868 387 2942; x_wconf 81' lang='lat' dir='ltr'>ad</span> <span class='ocrx_word' id='word_1_112' title='bbox 410 2894 519 2944; x_wconf 85' lang='lat' dir='ltr'>ovum</span> <span class='ocrx_word' id='word_1_113' title='bbox 542 2871 650 2946; x_wconf 77' lang='lat' dir='ltr'>alieno</span> <span class='ocrx_word' id='word_1_114' title='bbox 667 2875 692 2944; x_wconf 82' lang='lat'>⁵.</span> <span class='ocrx_word' id='word_1_115' title='bbox 719 2875 846 2975; x_wconf 86' lang='lat' dir='ltr'>Itaque</span> <span class='ocrx_word' id='word_1_116' title='bbox 870 2899 982 2976; x_wconf 80' lang='lat' dir='ltr'>usque</span> <span class='ocrx_word' id='word_1_117' title='bbox 1006 2872 1055 2948; x_wconf 86' lang='lat' dir='ltr'>ed</span> <span class='ocrx_word' id='word_1_118' title='bbox 1079 2897 1198 2951; x_wconf 82' lang='lat' dir='ltr'>assum</span> <span class='ocrx_word' id='word_1_119' title='bbox 1223 2870 1342 2946; x_wconf 87' lang='lat' dir='ltr'>vituli·</span> 
     </span>
     <span class='ocr_line' id='line_1_18' title="bbox 337 2996 1341 3102; baseline 0.003 -33"><span class='ocrx_word' id='word_1_120' title='bbox 337 3017 426 3066; x_wconf 83' lang='lat' dir='ltr'>uum</span> <span class='ocrx_word' id='word_1_121' title='bbox 451 3016 559 3096; x_wconf 83' lang='lat' dir='ltr'>opera</span> <span class='ocrx_word' id='word_1_122' title='bbox 583 2996 788 3096; x_wconf 68' lang='lat' dir='ltr'>perduntur</span> <span class='ocrx_word' id='word_1_123' title='bbox 801 3001 828 3072; x_wconf 83' lang='lat'>⁶.</span> <span class='ocrx_word' id='word_1_124' title='bbox 851 2999 918 3076; x_wconf 84' lang='lat' dir='ltr'>llla</span> <span class='ocrx_word' id='word_1_125' title='bbox 943 3021 1022 3076; x_wconf 86' lang='lat' dir='ltr'>mea</span> <span class='ocrx_word' id='word_1_126' title='bbox 1037 3017 1063 3098; x_wconf 84' lang='lat'>⁷,</span> <span class='ocrx_word' id='word_1_127' title='bbox 1087 3023 1178 3102; x_wconf 76' lang='lat' dir='ltr'>quae</span> <span class='ocrx_word' id='word_1_128' title='bbox 1203 2998 1341 3074; x_wconf 73' lang='lat' dir='ltr'>solebas</span> 
     </span>
     <span class='ocr_line' id='line_1_19' title="bbox 338 3121 1341 3228; baseline 0.007 -35"><span class='ocrx_word' id='word_1_129' title='bbox 338 3135 444 3195; x_wconf 81' lang='lat' dir='ltr'>anten</span> <span class='ocrx_word' id='word_1_130' title='bbox 475 3121 636 3198; x_wconf 79' lang='lat' dir='ltr'>laudare:</span> <span class='ocrx_word' id='word_1_131' title='bbox 660 3149 684 3198; x_wconf 88' lang='lat' dir='ltr'>o</span> <span class='ocrx_word' id='word_1_132' title='bbox 709 3125 890 3201; x_wconf 84' lang='lat' dir='ltr'>hominem</span> <span class='ocrx_word' id='word_1_133' title='bbox 920 3127 1083 3202; x_wconf 58' lang='lat' dir='ltr'>famum!</span> <span class='ocrx_word' id='word_1_134' title='bbox 1114 3151 1138 3200; x_wconf 90' lang='lat' dir='ltr'>o</span> <span class='ocrx_word' id='word_1_135' title='bbox 1163 3125 1341 3228; x_wconf 79' lang='lat' dir='ltr'>hospitem</span> 
     </span>
     <span class='ocr_line' id='line_1_20' title="bbox 338 3252 1340 3348; baseline 0.005 -28"><span class='ocrx_word' id='word_1_136' title='bbox 338 3269 413 3321; x_wconf 92' lang='lat' dir='ltr'>non</span> <span class='ocrx_word' id='word_1_137' title='bbox 436 3258 596 3348; x_wconf 71' lang='lat' dir='ltr'>gaavemt</span> <span class='ocrx_word' id='word_1_138' title='bbox 626 3252 797 3328; x_wconf 83' lang='lat' dir='ltr'>abierunt</span> <span class='ocrx_word' id='word_1_139' title='bbox 825 3255 918 3329; x_wconf 87' lang='lat' dir='ltr'>Nam</span> <span class='ocrx_word' id='word_1_140' title='bbox 944 3279 1087 3329; x_wconf 87' lang='lat' dir='ltr'>omnem</span> <span class='ocrx_word' id='word_1_141' title='bbox 1110 3267 1273 3328; x_wconf 81' lang='lat' dir='ltr'>nostram</span> <span class='ocrx_word' id='word_1_142' title='bbox 1298 3253 1340 3326; x_wconf 86' lang='lat' dir='ltr'>de</span> 
     </span>
     <span class='ocr_line' id='line_1_21' title="bbox 339 3371 1340 3483; baseline 0.005 -36"><span class='ocrx_word' id='word_1_143' title='bbox 339 3399 377 3447; x_wconf 88' lang='lat' dir='ltr'>re</span> <span class='ocrx_word' id='word_1_144' title='bbox 401 3375 543 3476; x_wconf 87' lang='lat' dir='ltr'>publica</span> <span class='ocrx_word' id='word_1_145' title='bbox 568 3404 705 3482; x_wconf 80' lang='lat' dir='ltr'>curam,</span> <span class='ocrx_word' id='word_1_146' title='bbox 730 3383 978 3483; x_wconf 80' lang='lat' dir='ltr'>cogitationem</span> <span class='ocrx_word' id='word_1_147' title='bbox 1003 3378 1049 3456; x_wconf 80' lang='lat' dir='ltr'>&#39;de</span> <span class='ocrx_word' id='word_1_148' title='bbox 1071 3379 1222 3454; x_wconf 89' lang='lat' dir='ltr'>dicenda</span> <span class='ocrx_word' id='word_1_149' title='bbox 1237 3381 1277 3453; x_wconf 93' lang='lat' dir='ltr'>in</span> <span class='ocrx_word' id='word_1_150' title='bbox 1293 3371 1340 3452; x_wconf 77' lang='lat' dir='ltr'>&#39;ee</span> 
     </span>
     <span class='ocr_line' id='line_1_22' title="bbox 338 3502 1339 3606; baseline 0.004 -32"><span class='ocrx_word' id='word_1_151' title='bbox 338 3513 426 3575; x_wconf 84' lang='lat' dir='ltr'>natu</span> <span class='ocrx_word' id='word_1_152' title='bbox 451 3502 640 3606; x_wconf 66' lang='lat' dir='ltr'>sententia,</span> <span class='ocrx_word' id='word_1_153' title='bbox 656 3510 990 3584; x_wconf 79' lang='lat' dir='ltr'>commentationem</span> <span class='ocrx_word' id='word_1_154' title='bbox 1008 3533 1191 3582; x_wconf 84' lang='lat' dir='ltr'>causarum</span> <span class='ocrx_word' id='word_1_155' title='bbox 1203 3509 1232 3606; x_wconf 81' lang='lat'>⁸,</span> <span class='ocrx_word' id='word_1_156' title='bbox 1248 3505 1339 3580; x_wconf 88' lang='lat' dir='ltr'>ahie·</span> 
     </span>
     <span class='ocr_line' id='line_1_23' title="bbox 340 3629 1340 3735; baseline 0.006 -35"><span class='ocrx_word' id='word_1_157' title='bbox 340 3629 473 3704; x_wconf 88' lang='lat' dir='ltr'>cimus:</span> <span class='ocrx_word' id='word_1_158' title='bbox 504 3631 542 3703; x_wconf 91' lang='lat' dir='ltr'>in</span> <span class='ocrx_word' id='word_1_159' title='bbox 564 3633 711 3735; x_wconf 87' lang='lat' dir='ltr'>Epicuri</span> <span class='ocrx_word' id='word_1_160' title='bbox 734 3657 822 3734; x_wconf 82' lang='lat' dir='ltr'>noa,</span> <span class='ocrx_word' id='word_1_161' title='bbox 856 3635 1046 3712; x_wconf 81' lang='lat' dir='ltr'>adversarii</span> <span class='ocrx_word' id='word_1_162' title='bbox 1070 3633 1201 3732; x_wconf 81' lang='lat' dir='ltr'>nostri,</span> <span class='ocrx_word' id='word_1_163' title='bbox 1226 3644 1340 3707; x_wconf 79' lang='lat' dir='ltr'>eastra</span> 
     </span>
     <span class='ocr_line' id='line_1_24' title="bbox 341 3757 1339 3855; baseline 0.006 -27"><span class='ocrx_word' id='word_1_164' title='bbox 341 3757 553 3833; x_wconf 86' lang='lat' dir='ltr'>coniecimus</span> <span class='ocrx_word' id='word_1_165' title='bbox 570 3777 603 3832; x_wconf 81' lang='lat'>9:</span> <span class='ocrx_word' id='word_1_166' title='bbox 636 3785 702 3834; x_wconf 88' lang='lat' dir='ltr'>nec</span> <span class='ocrx_word' id='word_1_167' title='bbox 726 3774 845 3834; x_wconf 87' lang='lat' dir='ltr'>tamen</span> <span class='ocrx_word' id='word_1_168' title='bbox 870 3762 917 3836; x_wconf 85' lang='lat' dir='ltr'>ad</span> <span class='ocrx_word' id='word_1_169' title='bbox 940 3761 1032 3836; x_wconf 87' lang='lat' dir='ltr'>hanc</span> <span class='ocrx_word' id='word_1_170' title='bbox 1056 3760 1339 3855; x_wconf 74' lang='lat' dir='ltr'>insolentiem10,</span> 
     </span>
     <span class='ocr_line' id='line_1_25' title="bbox 341 3878 1337 3990; baseline 0.006 -39"><span class='ocrx_word' id='word_1_171' title='bbox 341 3878 410 3957; x_wconf 79' lang='lat' dir='ltr'>ned,</span> <span class='ocrx_word' id='word_1_172' title='bbox 427 3881 522 3957; x_wconf 90' lang='lat' dir='ltr'>illam</span> <span class='ocrx_word' id='word_1_173' title='bbox 548 3899 645 3961; x_wconf 87' lang='lat' dir='ltr'>tuam</span> <span class='ocrx_word' id='word_1_174' title='bbox 668 3885 857 3989; x_wconf 82' lang='lat' dir='ltr'>lautitiam,</span> <span class='ocrx_word' id='word_1_175' title='bbox 873 3903 1028 3964; x_wconf 87' lang='lat' dir='ltr'>veterem</span> <span class='ocrx_word' id='word_1_176' title='bbox 1053 3888 1151 3987; x_wconf 88' lang='lat' dir='ltr'>dico,</span> <span class='ocrx_word' id='word_1_177' title='bbox 1166 3913 1277 3990; x_wconf 91' lang='lat' dir='ltr'>quum</span> <span class='ocrx_word' id='word_1_178' title='bbox 1301 3885 1337 3958; x_wconf 93' lang='lat' dir='ltr'>in</span> 
     </span>
     <span class='ocr_line' id='line_1_26' title="bbox 342 4009 1337 4119; baseline 0.009 -43"><span class='ocrx_word' id='word_1_179' title='bbox 342 4019 495 4082; x_wconf 78' lang='lat' dir='ltr'>sumtum</span> <span class='ocrx_word' id='word_1_180' title='bbox 520 4009 675 4088; x_wconf 78' lang='lat' dir='ltr'>habebas</span> <span class='ocrx_word' id='word_1_181' title='bbox 690 4029 733 4088; x_wconf 90' lang='lat'>¹¹:</span> <span class='ocrx_word' id='word_1_182' title='bbox 761 4015 826 4090; x_wconf 80' lang='lat' dir='ltr'>etei</span> <span class='ocrx_word' id='word_1_183' title='bbox 850 4039 1042 4119; x_wconf 79' lang='lat' dir='ltr'>numquam</span> <span class='ocrx_word' id='word_1_184' title='bbox 1067 4014 1168 4118; x_wconf 81' lang='lat' dir='ltr'>plura</span> <span class='ocrx_word' id='word_1_185' title='bbox 1194 4009 1337 4116; x_wconf 80' lang='lat' dir='ltr'>praedia</span> 
     </span>
    </p>
   </div>
   <div class='ocr_carea' id='block_1_7' title="bbox 0 0 1457 4956">
    <p class='ocr_par' dir='ltr' id='par_1_7' title="bbox 0 0 1457 4956">
     <span class='ocr_line' id='line_1_27' title="bbox 0 0 1457 4956; baseline 0 0"><span class='ocrx_word' id='word_1_186' title='bbox 0 0 1457 4956; x_wconf 95' lang='lat' dir='ltr'> </span> 
     </span>
    </p>
   </div>
  </div>
 </body>
</html>
