<?xml version="1.0" encoding="UTF-8"?>
<!DOCTYPE html PUBLIC "-//W3C//DTD XHTML 1.0 Transitional//EN"
    "http://www.w3.org/TR/xhtml1/DTD/xhtml1-transitional.dtd">
<html xmlns="http://www.w3.org/1999/xhtml" xml:lang="en" lang="en">
 <head>
  <title>
</title>
<meta http-equiv="Content-Type" content="text/html;charset=utf-8" />
  <meta name='ocr-system' content='tesseract 3.04.00' />
  <meta name='ocr-capabilities' content='ocr_page ocr_carea ocr_par ocr_line ocrx_word'/>
</head>
<body>
  <div class='ocr_page' id='page_1' title='image "./mtulliiciceroni66cicegoog/mtulliiciceroni66cicegoog_0291.png"; bbox 0 0 2910 4954; ppageno 0'>
   <div class='ocr_carea' id='block_1_1' title="bbox 316 457 1325 2460">
    <p class='ocr_par' dir='ltr' id='par_1_1' title="bbox 316 457 1325 2460">
     <span class='ocr_line' id='line_1_1' title="bbox 323 457 1295 539; baseline 0.001 -16"><span class='ocrx_word' id='word_1_1' title='bbox 323 457 395 532; x_wconf 80' lang='lat'>286</span> <span class='ocrx_word' id='word_1_2' title='bbox 665 474 836 523; x_wconf 81' lang='lat' dir='ltr'>nrrsrout</span> <span class='ocrx_word' id='word_1_3' title='bbox 863 477 983 524; x_wconf 72' lang='lat' dir='ltr'>outxx.</span> <span class='ocrx_word' id='word_1_4' title='bbox 1101 474 1129 522; x_wconf 74' lang='lat' dir='ltr'>a.</span> <span class='ocrx_word' id='word_1_5' title='bbox 1150 479 1181 524; x_wconf 88' lang='lat' dir='ltr'>v.</span> <span class='ocrx_word' id='word_1_6' title='bbox 1201 481 1229 525; x_wconf 87' lang='lat' dir='ltr'>c.</span> <span class='ocrx_word' id='word_1_7' title='bbox 1250 493 1295 539; x_wconf 79' lang='lat'>7⁰7</span> 
     </span>
     <span class='ocr_line' id='line_1_2' title="bbox 321 557 1322 686; baseline 0 -30"><span class='ocrx_word' id='word_1_8' title='bbox 321 581 618 686; x_wconf 80' lang='lat' dir='ltr'><strong>quemadmodum</strong></span> <span class='ocrx_word' id='word_1_9' title='bbox 645 579 718 679; x_wconf 80' lang='lat' dir='ltr'>hic,</span> <span class='ocrx_word' id='word_1_10' title='bbox 744 593 780 650; x_wconf 88' lang='lat' dir='ltr'>et</span> <span class='ocrx_word' id='word_1_11' title='bbox 805 592 934 679; x_wconf 72' lang='lat' dir='ltr'>«quauta</span> <span class='ocrx_word' id='word_1_12' title='bbox 960 581 997 650; x_wconf 90' lang='lat' dir='ltr'>iu</span> <span class='ocrx_word' id='word_1_13' title='bbox 1024 580 1139 678; x_wconf 79' lang='lat' dir='ltr'>turba,</span> <span class='ocrx_word' id='word_1_14' title='bbox 1169 557 1322 682; x_wconf 72' lang='lat' dir='ltr'>quanto-</span> 
     </span>
     <span class='ocr_line' id='line_1_3' title="bbox 324 708 1325 814; baseline -0.001 -29"><span class='ocrx_word' id='word_1_15' title='bbox 324 737 391 814; x_wconf 87' lang='lat' dir='ltr'>que</span> <span class='ocrx_word' id='word_1_16' title='bbox 418 713 454 784; x_wconf 91' lang='lat' dir='ltr'>in</span> <span class='ocrx_word' id='word_1_17' title='bbox 481 709 685 784; x_wconf 82' lang='lat' dir='ltr'>confusione</span> <span class='ocrx_word' id='word_1_18' title='bbox 711 733 826 780; x_wconf 88' lang='lat' dir='ltr'>rerum</span> <span class='ocrx_word' id='word_1_19' title='bbox 852 708 1008 778; x_wconf 83' lang='lat' dir='ltr'>omnium</span> <span class='ocrx_word' id='word_1_20' title='bbox 1032 709 1232 782; x_wconf 77' lang='lat' dir='ltr'>viveremus.</span> <span class='ocrx_word' id='word_1_21' title='bbox 1253 711 1325 784; x_wconf 88' lang='lat' dir='ltr'>Ne-</span> 
     </span>
     <span class='ocr_line' id='line_1_4' title="bbox 321 828 1324 938; baseline -0.003 -26"><span class='ocrx_word' id='word_1_22' title='bbox 321 867 416 913; x_wconf 88' lang='lat' dir='ltr'><strong>cesse</strong></span> <span class='ocrx_word' id='word_1_23' title='bbox 443 849 496 914; x_wconf 87' lang='lat' dir='ltr'>est</span> <span class='ocrx_word' id='word_1_24' title='bbox 528 831 622 912; x_wconf 84' lang='lat' dir='ltr'>enirn</span> <span class='ocrx_word' id='word_1_25' title='bbox 655 835 788 908; x_wconf 88' lang='lat' dir='ltr'>minore</span> <span class='ocrx_word' id='word_1_26' title='bbox 823 828 995 907; x_wconf 84' lang='lat' dir='ltr'>desiderio</span> <span class='ocrx_word' id='word_1_27' title='bbox 1029 829 1165 934; x_wconf 83' lang='lat' dir='ltr'>perdita</span> <span class='ocrx_word' id='word_1_28' title='bbox 1188 861 1225 908; x_wconf 90' lang='lat' dir='ltr'>re</span> <span class='ocrx_word' id='word_1_29' title='bbox 1253 863 1324 938; x_wconf 86' lang='lat' dir='ltr'>pu-</span> 
     </span>
     <span class='ocr_line' id='line_1_5' title="bbox 320 961 1325 1066; baseline -0.004 -26"><span class='ocrx_word' id='word_1_30' title='bbox 320 967 411 1040; x_wconf 87' lang='lat' dir='ltr'>blica</span> <span class='ocrx_word' id='word_1_31' title='bbox 437 991 572 1063; x_wconf 86' lang='lat' dir='ltr'>carere,</span> <span class='ocrx_word' id='word_1_32' title='bbox 598 986 705 1066; x_wconf 87' lang='lat' dir='ltr'>quam</span> <span class='ocrx_word' id='word_1_33' title='bbox 728 961 832 1035; x_wconf 88' lang='lat' dir='ltr'>bona.</span> <span class='ocrx_word' id='word_1_34' title='bbox 858 961 929 1035; x_wconf 88' lang='lat' dir='ltr'>Sed</span> <span class='ocrx_word' id='word_1_35' title='bbox 953 961 1022 1034; x_wconf 90' lang='lat' dir='ltr'>hoc</span> <span class='ocrx_word' id='word_1_36' title='bbox 1048 987 1172 1060; x_wconf 81' lang='lat' dir='ltr'>genere</span> <span class='ocrx_word' id='word_1_37' title='bbox 1183 961 1213 1028; x_wconf 74' lang='lat'>4⁵</span> <span class='ocrx_word' id='word_1_38' title='bbox 1232 963 1325 1036; x_wconf 88' lang='lat' dir='ltr'>nihil</span> 
     </span>
     <span class='ocr_line' id='line_1_6' title="bbox 319 1089 1323 1194; baseline -0.004 -26"><span class='ocrx_word' id='word_1_39' title='bbox 319 1119 409 1194; x_wconf 86' lang='lat' dir='ltr'>opus</span> <span class='ocrx_word' id='word_1_40' title='bbox 435 1107 496 1184; x_wconf 83' lang='lat' dir='ltr'>est.</span> <span class='ocrx_word' id='word_1_41' title='bbox 530 1092 750 1166; x_wconf 86' lang='lat' dir='ltr'>incolumem</span> <span class='ocrx_word' id='word_1_42' title='bbox 783 1103 817 1162; x_wconf 88' lang='lat' dir='ltr'>te</span> <span class='ocrx_word' id='word_1_43' title='bbox 849 1090 938 1189; x_wconf 86' lang='lat' dir='ltr'>cito,</span> <span class='ocrx_word' id='word_1_44' title='bbox 964 1103 1003 1162; x_wconf 87' lang='lat' dir='ltr'>ut</span> <span class='ocrx_word' id='word_1_45' title='bbox 1028 1115 1150 1190; x_wconf 79' lang='lat' dir='ltr'>spero,</span> <span class='ocrx_word' id='word_1_46' title='bbox 1174 1089 1231 1165; x_wconf 81' lang='lat' dir='ltr'>vel</span> <span class='ocrx_word' id='word_1_47' title='bbox 1257 1117 1323 1191; x_wconf 90' lang='lat' dir='ltr'>po-</span> 
     </span>
     <span class='ocr_line' id='line_1_7' title="bbox 319 1191 1325 1319; baseline -0.005 -25"><span class='ocrx_word' id='word_1_48' title='bbox 319 1191 404 1318; x_wconf 84' lang='lat' dir='ltr'>tius,</span> <span class='ocrx_word' id='word_1_49' title='bbox 419 1235 470 1294; x_wconf 86' lang='lat' dir='ltr'>ut</span> <span class='ocrx_word' id='word_1_50' title='bbox 493 1219 688 1319; x_wconf 84' lang='lat' dir='ltr'>perspicio,</span> <span class='ocrx_word' id='word_1_51' title='bbox 706 1215 911 1292; x_wconf 74' lang='lat' dir='ltr'>videbimus</span> <span class='ocrx_word' id='word_1_52' title='bbox 929 1217 1069 1290; x_wconf 78' lang='lat' dir='ltr'><strong>Interea</strong></span> <span class='ocrx_word' id='word_1_53' title='bbox 1087 1216 1151 1288; x_wconf 89' lang='lat' dir='ltr'>tibi</span> <span class='ocrx_word' id='word_1_54' title='bbox 1169 1217 1325 1314; x_wconf 80' lang='lat' dir='ltr'>absenti,</span> 
     </span>
     <span class='ocr_line' id='line_1_8' title="bbox 318 1343 1325 1446; baseline -0.003 -27"><span class='ocrx_word' id='word_1_55' title='bbox 318 1361 363 1419; x_wconf 85' lang='lat' dir='ltr'>et</span> <span class='ocrx_word' id='word_1_56' title='bbox 379 1346 478 1444; x_wconf 81' lang='lat' dir='ltr'>huic,¹</span> <span class='ocrx_word' id='word_1_57' title='bbox 502 1346 562 1446; x_wconf 88' lang='lat' dir='ltr'>qui</span> <span class='ocrx_word' id='word_1_58' title='bbox 588 1344 706 1442; x_wconf 83' lang='lat' dir='ltr'>adest,</span> <span class='ocrx_word' id='word_1_59' title='bbox 729 1343 872 1442; x_wconf 81' lang='lat' dir='ltr'>imagini</span> <span class='ocrx_word' id='word_1_60' title='bbox 897 1343 1004 1414; x_wconf 75' lang='lat' dir='ltr'>muni</span> <span class='ocrx_word' id='word_1_61' title='bbox 1025 1357 1061 1414; x_wconf 88' lang='lat' dir='ltr'>et</span> <span class='ocrx_word' id='word_1_62' title='bbox 1076 1345 1238 1443; x_wconf 83' lang='lat' dir='ltr'>corporis</span> <span class='ocrx_word' id='word_1_63' title='bbox 1256 1345 1325 1441; x_wconf 85' lang='lat' dir='ltr'>tui,</span> 
     </span>
     <span class='ocr_line' id='line_1_9' title="bbox 318 1468 1322 1571; baseline -0.004 -25"><span class='ocrx_word' id='word_1_64' title='bbox 318 1473 600 1568; x_wconf 83' lang='lat' dir='ltr'>constantissimo</span> <span class='ocrx_word' id='word_1_65' title='bbox 634 1484 740 1571; x_wconf 88' lang='lat' dir='ltr'>atque</span> <span class='ocrx_word' id='word_1_66' title='bbox 773 1469 910 1571; x_wconf 89' lang='lat' dir='ltr'>optimo</span> <span class='ocrx_word' id='word_1_67' title='bbox 940 1468 1012 1542; x_wconf 88' lang='lat' dir='ltr'>lilio</span> <span class='ocrx_word' id='word_1_68' title='bbox 1039 1483 1120 1569; x_wconf 83' lang='lat' dir='ltr'>tuo,</span> <span class='ocrx_word' id='word_1_69' title='bbox 1144 1469 1322 1569; x_wconf 82' lang='lat' dir='ltr'>studium,</span> 
     </span>
     <span class='ocr_line' id='line_1_10' title="bbox 317 1593 1323 1698; baseline -0.003 -26"><span class='ocrx_word' id='word_1_70' title='bbox 317 1597 493 1698; x_wconf 72' lang='lat' dir='ltr'>officium,</span> <span class='ocrx_word' id='word_1_71' title='bbox 525 1621 687 1698; x_wconf 81' lang='lat' dir='ltr'>operam,</span> <span class='ocrx_word' id='word_1_72' title='bbox 720 1593 876 1670; x_wconf 86' lang='lat' dir='ltr'>laborem</span> <span class='ocrx_word' id='word_1_73' title='bbox 907 1617 1025 1668; x_wconf 87' lang='lat' dir='ltr'>meum</span> <span class='ocrx_word' id='word_1_74' title='bbox 1051 1595 1263 1695; x_wconf 89' lang='lat' dir='ltr'>iampridem</span> <span class='ocrx_word' id='word_1_75' title='bbox 1289 1611 1323 1669; x_wconf 85' lang='lat' dir='ltr'>et</span> 
     </span>
     <span class='ocr_line' id='line_1_11' title="bbox 317 1705 1322 1828; baseline -0.003 -29"><span class='ocrx_word' id='word_1_76' title='bbox 317 1721 495 1828; x_wconf 86' lang='lat' dir='ltr'>pollicitus</span> <span class='ocrx_word' id='word_1_77' title='bbox 521 1750 616 1825; x_wconf 80' lang='lat' dir='ltr'>sum,</span> <span class='ocrx_word' id='word_1_78' title='bbox 642 1737 678 1796; x_wconf 90' lang='lat' dir='ltr'>et</span> <span class='ocrx_word' id='word_1_79' title='bbox 697 1705 823 1797; x_wconf 90' lang='lat' dir='ltr'>detuli:</span> <span class='ocrx_word' id='word_1_80' title='bbox 840 1749 934 1796; x_wconf 90' lang='lat' dir='ltr'>nunc</span> <span class='ocrx_word' id='word_1_81' title='bbox 951 1722 1021 1796; x_wconf 88' lang='lat' dir='ltr'>hoc</span> <span class='ocrx_word' id='word_1_82' title='bbox 1039 1721 1208 1824; x_wconf 87' lang='lat' dir='ltr'>amplius,</span> <span class='ocrx_word' id='word_1_83' title='bbox 1226 1726 1322 1826; x_wconf 91' lang='lat' dir='ltr'>quod</span> 
     </span>
     <span class='ocr_line' id='line_1_12' title="bbox 317 1835 1321 1954; baseline -0.002 -28"><span class='ocrx_word' id='word_1_84' title='bbox 317 1835 373 1926; x_wconf 77' lang='lat' dir='ltr'>ine</span> <span class='ocrx_word' id='word_1_85' title='bbox 386 1852 610 1926; x_wconf 67' lang='lat' dir='ltr'>⁴amicissime</span> <span class='ocrx_word' id='word_1_86' title='bbox 635 1849 793 1954; x_wconf 73' lang='lat' dir='ltr'>quotidie</span> <span class='ocrx_word' id='word_1_87' title='bbox 811 1853 920 1954; x_wconf 77' lang='lat' dir='ltr'>magis</span> <span class='ocrx_word' id='word_1_88' title='bbox 935 1852 1067 1926; x_wconf 83' lang='lat' dir='ltr'>Caesar</span> <span class='ocrx_word' id='word_1_89' title='bbox 1084 1849 1321 1952; x_wconf 79' lang='lat' dir='ltr'>amplectitur3</span> 
     </span>
     <span class='ocr_line' id='line_1_13' title="bbox 316 1977 1321 2081; baseline -0.005 -26"><span class='ocrx_word' id='word_1_90' title='bbox 316 1978 502 2081; x_wconf 73' lang='lat' dir='ltr'>familiares</span> <span class='ocrx_word' id='word_1_91' title='bbox 526 1978 670 2080; x_wconf 85' lang='lat' dir='ltr'>quidem</span> <span class='ocrx_word' id='word_1_92' title='bbox 692 1978 789 2077; x_wconf 14' lang='lat' dir='ltr'>qaus,</span> <span class='ocrx_word' id='word_1_93' title='bbox 811 1979 916 2052; x_wconf 66' lang='lat' dir='ltr'>acuti</span> <span class='ocrx_word' id='word_1_94' title='bbox 940 1979 1117 2056; x_wconf 84' lang='lat' dir='ltr'>neminem</span> <span class='ocrx_word' id='word_1_95' title='bbox 1133 1977 1176 2050; x_wconf 73' lang='lat'>4⁶.</span> <span class='ocrx_word' id='word_1_96' title='bbox 1216 1977 1321 2078; x_wconf 87' lang='lat' dir='ltr'>Apud</span> 
     </span>
     <span class='ocr_line' id='line_1_14' title="bbox 317 2103 1319 2206; baseline -0.001 -29"><span class='ocrx_word' id='word_1_97' title='bbox 317 2129 421 2206; x_wconf 87' lang='lat' dir='ltr'>quem</span> <span class='ocrx_word' id='word_1_98' title='bbox 446 2104 615 2206; x_wconf 87' lang='lat' dir='ltr'>quioquid</span> <span class='ocrx_word' id='word_1_99' title='bbox 632 2103 768 2178; x_wconf 77' lang='lat' dir='ltr'>‘valebo</span> <span class='ocrx_word' id='word_1_100' title='bbox 793 2103 851 2178; x_wconf 85' lang='lat' dir='ltr'>rel</span> <span class='ocrx_word' id='word_1_101' title='bbox 876 2106 1101 2203; x_wconf 84' lang='lat' dir='ltr'>auctoritate,</span> <span class='ocrx_word' id='word_1_102' title='bbox 1118 2103 1176 2178; x_wconf 89' lang='lat' dir='ltr'>vel</span> <span class='ocrx_word' id='word_1_103' title='bbox 1196 2105 1319 2204; x_wconf 84' lang='lat' dir='ltr'>gratia,</span> 
     </span>
     <span class='ocr_line' id='line_1_15' title="bbox 318 2229 1319 2330; baseline 0 -28"><span class='ocrx_word' id='word_1_104' title='bbox 318 2229 442 2304; x_wconf 85' lang='lat' dir='ltr'>valebo</span> <span class='ocrx_word' id='word_1_105' title='bbox 468 2229 541 2305; x_wconf 85' lang='lat' dir='ltr'>tibi.</span> <span class='ocrx_word' id='word_1_106' title='bbox 561 2229 625 2303; x_wconf 89' lang='lat' dir='ltr'>&#39;Tu</span> <span class='ocrx_word' id='word_1_107' title='bbox 651 2251 753 2329; x_wconf 80' lang='lat' dir='ltr'>cura,</span> <span class='ocrx_word' id='word_1_108' title='bbox 769 2243 810 2301; x_wconf 90' lang='lat' dir='ltr'>ut</span> <span class='ocrx_word' id='word_1_109' title='bbox 834 2253 943 2330; x_wconf 85' lang='lat' dir='ltr'>quum</span> <span class='ocrx_word' id='word_1_110' title='bbox 965 2230 1180 2304; x_wconf 84' lang='lat' dir='ltr'>firmitudine</span> <span class='ocrx_word' id='word_1_111' title='bbox 1198 2243 1234 2302; x_wconf 88' lang='lat' dir='ltr'>te</span> <span class='ocrx_word' id='word_1_112' title='bbox 1252 2231 1319 2302; x_wconf 85' lang='lat' dir='ltr'>ani·</span> 
     </span>
     <span class='ocr_line' id='line_1_16' title="bbox 316 2355 1073 2460; baseline -0.005 -28"><span class='ocrx_word' id='word_1_113' title='bbox 316 2355 381 2458; x_wconf 80' lang='lat' dir='ltr'>rui,</span> <span class='ocrx_word' id='word_1_114' title='bbox 408 2373 482 2432; x_wconf 86' lang='lat' dir='ltr'>tum</span> <span class='ocrx_word' id='word_1_115' title='bbox 508 2359 614 2432; x_wconf 84' lang='lat' dir='ltr'>etiam</span> <span class='ocrx_word' id='word_1_116' title='bbox 640 2379 702 2460; x_wconf 85' lang='lat' dir='ltr'>spe</span> <span class='ocrx_word' id='word_1_117' title='bbox 729 2357 864 2459; x_wconf 87' lang='lat' dir='ltr'>optima</span> <span class='ocrx_word' id='word_1_118' title='bbox 891 2368 1073 2430; x_wconf 84' lang='lat' dir='ltr'>sustentes.</span> 
     </span>
    </p>
   </div>
   <div class='ocr_carea' id='block_1_2' title="bbox 716 2603 1297 2733">
    <p class='ocr_par' dir='ltr' id='par_1_2' title="bbox 716 2603 1297 2733">
     <span class='ocr_line' id='line_1_17' title="bbox 716 2603 1297 2733; baseline 0.022 -19"><span class='ocrx_word' id='word_1_119' title='bbox 716 2637 914 2714; x_wconf 82' lang='lat' dir='ltr'>CDLXXI.</span> <span class='ocrx_word' id='word_1_120' title='bbox 1037 2603 1089 2733; x_wconf 66' lang='lat' dir='ltr'>(n</span> <span class='ocrx_word' id='word_1_121' title='bbox 1105 2679 1157 2722; x_wconf 67' lang='lat' dir='ltr'>nv.</span> <span class='ocrx_word' id='word_1_122' title='bbox 1175 2677 1237 2730; x_wconf 80' lang='lat' dir='ltr'>vu.</span> <span class='ocrx_word' id='word_1_123' title='bbox 1254 2683 1297 2730; x_wconf 76' lang='lat' dir='ltr'>ss)</span> 
     </span>
    </p>
   </div>
   <div class='ocr_carea' id='block_1_3' title="bbox 318 2815 1317 2900">
    <p class='ocr_par' dir='ltr' id='par_1_3' title="bbox 318 2815 1317 2900">
     <span class='ocr_line' id='line_1_18' title="bbox 318 2815 1317 2900; baseline 0.001 -27"><span class='ocrx_word' id='word_1_124' title='bbox 318 2815 536 2892; x_wconf 73' lang='lat' dir='ltr'>Argumentum.</span> <span class='ocrx_word' id='word_1_125' title='bbox 558 2815 746 2886; x_wconf 89' lang='lat' dir='ltr'>Volumnio,</span> <span class='ocrx_word' id='word_1_126' title='bbox 778 2818 831 2897; x_wconf 91' lang='lat' dir='ltr'>qui</span> <span class='ocrx_word' id='word_1_127' title='bbox 862 2817 1021 2900; x_wconf 81' lang='lat' dir='ltr'>scripserat</span> <span class='ocrx_word' id='word_1_128' title='bbox 1051 2835 1141 2898; x_wconf 82' lang='lat' dir='ltr'>aegre</span> <span class='ocrx_word' id='word_1_129' title='bbox 1166 2835 1317 2876; x_wconf 77' lang='lat' dir='ltr'>eocarere</span> 
     </span>
    </p>
   </div>
   <div class='ocr_carea' id='block_1_4' title="bbox 356 2917 1318 3112">
    <p class='ocr_par' dir='ltr' id='par_1_4' title="bbox 356 2917 1318 3112">
     <span class='ocr_line' id='line_1_19' title="bbox 356 2917 1318 3002; baseline 0.005 -25"><span class='ocrx_word' id='word_1_130' title='bbox 356 2919 644 2992; x_wconf 73' lang='lat' dir='ltr'>declamationibus,</span> <span class='ocrx_word' id='word_1_131' title='bbox 676 2943 750 3002; x_wconf 84' lang='lat' dir='ltr'>quas</span> <span class='ocrx_word' id='word_1_132' title='bbox 782 2921 889 2983; x_wconf 88' lang='lat' dir='ltr'>Cicero</span> <span class='ocrx_word' id='word_1_133' title='bbox 920 2943 988 2983; x_wconf 88' lang='lat' dir='ltr'>cum</span> <span class='ocrx_word' id='word_1_134' title='bbox 1017 2917 1136 2995; x_wconf 86' lang='lat' dir='ltr'>Hirtio,</span> <span class='ocrx_word' id='word_1_135' title='bbox 1159 2923 1264 2983; x_wconf 83' lang='lat' dir='ltr'>Cassio</span> <span class='ocrx_word' id='word_1_136' title='bbox 1291 2933 1318 2982; x_wconf 87' lang='lat' dir='ltr'>rt</span> 
     </span>
     <span class='ocr_line' id='line_1_20' title="bbox 356 3023 1317 3112; baseline 0.005 -28"><span class='ocrx_word' id='word_1_137' title='bbox 356 3023 515 3086; x_wconf 82' lang='lat' dir='ltr'>Dolabella</span> <span class='ocrx_word' id='word_1_138' title='bbox 535 3043 673 3087; x_wconf 66' lang='lat' dir='ltr'>exercere</span> <span class='ocrx_word' id='word_1_139' title='bbox 693 3039 855 3110; x_wconf 84' lang='lat' dir='ltr'>coeperat,</span> <span class='ocrx_word' id='word_1_140' title='bbox 887 3027 1066 3112; x_wconf 77' lang='lat' dir='ltr'>respondet,</span> <span class='ocrx_word' id='word_1_141' title='bbox 1097 3051 1167 3090; x_wconf 87' lang='lat' dir='ltr'>eum</span> <span class='ocrx_word' id='word_1_142' title='bbox 1193 3029 1268 3091; x_wconf 89' lang='lat' dir='ltr'>nihil</span> <span class='ocrx_word' id='word_1_143' title='bbox 1289 3033 1317 3089; x_wconf 91' lang='lat' dir='ltr'>in</span> 
     </span>
    </p>
   </div>
   <div class='ocr_carea' id='block_1_5' title="bbox 355 3131 1435 3224">
    <p class='ocr_par' dir='ltr' id='par_1_5' title="bbox 355 3131 1435 3224">
     <span class='ocr_line' id='line_1_21' title="bbox 355 3131 1435 3224; baseline 0.005 -30"><span class='ocrx_word' id='word_1_144' title='bbox 355 3156 391 3194; x_wconf 87' lang='lat' dir='ltr'>ea</span> <span class='ocrx_word' id='word_1_145' title='bbox 412 3154 444 3194; x_wconf 93' lang='lat' dir='ltr'>re</span> <span class='ocrx_word' id='word_1_146' title='bbox 466 3131 567 3194; x_wconf 82' lang='lat' dir='ltr'>durnni</span> <span class='ocrx_word' id='word_1_147' title='bbox 589 3133 699 3210; x_wconf 80' lang='lat' dir='ltr'>facere3</span> <span class='ocrx_word' id='word_1_148' title='bbox 720 3146 822 3197; x_wconf 72' lang='lat' dir='ltr'>minen</span> <span class='ocrx_word' id='word_1_149' title='bbox 842 3155 873 3198; x_wconf 84' lang='lat' dir='ltr'>se</span> <span class='ocrx_word' id='word_1_150' title='bbox 894 3155 964 3198; x_wconf 88' lang='lat' dir='ltr'>eum</span> <span class='ocrx_word' id='word_1_151' title='bbox 985 3155 1055 3198; x_wconf 82' lang='lat' dir='ltr'>mor</span> <span class='ocrx_word' id='word_1_152' title='bbox 1070 3133 1174 3198; x_wconf 85' lang='lat' dir='ltr'>videre</span> <span class='ocrx_word' id='word_1_153' title='bbox 1194 3159 1316 3222; x_wconf 86' lang='lat' dir='ltr'>cupere,</span> <span class='ocrx_word' id='word_1_154' title='bbox 1434 3183 1435 3224; x_wconf 50' lang='lat'>3</span> 
     </span>
    </p>
   </div>
   <div class='ocr_carea' id='block_1_6' title="bbox 355 3237 1273 3328">
    <p class='ocr_par' dir='ltr' id='par_1_6' title="bbox 355 3237 1273 3328">
     <span class='ocr_line' id='line_1_22' title="bbox 355 3237 1273 3328; baseline 0.007 -27"><span class='ocrx_word' id='word_1_155' title='bbox 355 3241 508 3323; x_wconf 84' lang='lat' dir='ltr'>literisque</span> <span class='ocrx_word' id='word_1_156' title='bbox 528 3245 591 3302; x_wconf 87' lang='lat' dir='ltr'>eius</span> <span class='ocrx_word' id='word_1_157' title='bbox 612 3237 753 3304; x_wconf 87' lang='lat' dir='ltr'>delectari</span> <span class='ocrx_word' id='word_1_158' title='bbox 775 3245 866 3306; x_wconf 83' lang='lat' dir='ltr'>etiam</span> <span class='ocrx_word' id='word_1_159' title='bbox 886 3243 1093 3327; x_wconf 84' lang='lat' dir='ltr'>longioribus,</span> <span class='ocrx_word' id='word_1_160' title='bbox 1114 3245 1273 3328; x_wconf 82' lang='lat' dir='ltr'>significat</span> 
     </span>
    </p>
   </div>
   <div class='ocr_carea' id='block_1_7' title="bbox 395 3447 1192 3524">
    <p class='ocr_par' dir='ltr' id='par_1_7' title="bbox 395 3447 1192 3524">
     <span class='ocr_line' id='line_1_23' title="bbox 395 3447 1192 3524; baseline 0.009 -25"><span class='ocrx_word' id='word_1_161' title='bbox 395 3499 401 3510; x_wconf 81' lang='grc'>,</span> <span class='ocrx_word' id='word_1_162' title='bbox 438 3447 491 3500; x_wconf 85' lang='lat' dir='ltr'>Sor.</span> <span class='ocrx_word' id='word_1_163' title='bbox 512 3449 605 3501; x_wconf 77' lang='lat' dir='ltr'>Romae</span> <span class='ocrx_word' id='word_1_164' title='bbox 624 3454 653 3502; x_wconf 82' lang='grc' dir='ltr'>Δ.</span> <span class='ocrx_word' id='word_1_165' title='bbox 672 3451 705 3504; x_wconf 80' lang='lat' dir='ltr'>V.</span> <span class='ocrx_word' id='word_1_166' title='bbox 724 3451 751 3504; x_wconf 89' lang='lat' dir='ltr'>C.</span> <span class='ocrx_word' id='word_1_167' title='bbox 773 3453 908 3516; x_wconf 83' lang='lat' dir='ltr'>occvtt,</span> <span class='ocrx_word' id='word_1_168' title='bbox 928 3455 962 3504; x_wconf 76' lang='lat' dir='ltr'>ll.</span> <span class='ocrx_word' id='word_1_169' title='bbox 981 3453 1051 3524; x_wconf 67' lang='lat' dir='ltr'>Sept.</span> <span class='ocrx_word' id='word_1_170' title='bbox 1070 3455 1110 3504; x_wconf 78' lang='lat' dir='ltr'>vel</span> <span class='ocrx_word' id='word_1_171' title='bbox 1130 3453 1192 3507; x_wconf 89' lang='lat' dir='ltr'>Ort.</span> 
     </span>
    </p>
   </div>
   <div class='ocr_carea' id='block_1_8' title="bbox 549 3648 1087 3718">
    <p class='ocr_par' dir='ltr' id='par_1_8' title="bbox 549 3648 1087 3718">
     <span class='ocr_line' id='line_1_24' title="bbox 549 3648 1087 3718; baseline 0.006 -6"><span class='ocrx_word' id='word_1_172' title='bbox 549 3649 591 3712; x_wconf 88' lang='grc' dir='ltr'>Μ.</span> <span class='ocrx_word' id='word_1_173' title='bbox 617 3649 762 3715; x_wconf 84' lang='lat' dir='ltr'>ClCEilO</span> <span class='ocrx_word' id='word_1_174' title='bbox 787 3648 1000 3718; x_wconf 81' lang='lat' dir='ltr'>voLvttttto</span> <span class='ocrx_word' id='word_1_175' title='bbox 1021 3664 1030 3697; x_wconf 93' lang='lat'><strong>¹</strong></span> <span class='ocrx_word' id='word_1_176' title='bbox 1057 3657 1087 3716; x_wconf 91' lang='lat' dir='ltr'>S.</span> 
     </span>
    </p>
   </div>
   <div class='ocr_carea' id='block_1_9' title="bbox 315 3839 1435 4095">
    <p class='ocr_par' dir='ltr' id='par_1_9' title="bbox 315 3839 1435 4095">
     <span class='ocr_line' id='line_1_25' title="bbox 365 3839 1435 3969; baseline 0.007 -35"><span class='ocrx_word' id='word_1_177' title='bbox 365 3864 472 3955; x_wconf 90' lang='lat' dir='ltr'>Quod</span> <span class='ocrx_word' id='word_1_178' title='bbox 504 3865 849 3940; x_wconf 76' lang='lat' dir='ltr'>declamationibus²</span> <span class='ocrx_word' id='word_1_179' title='bbox 882 3872 1011 3943; x_wconf 84' lang='lat' dir='ltr'>nostris</span> <span class='ocrx_word' id='word_1_180' title='bbox 1045 3895 1163 3969; x_wconf 85' lang='lat' dir='ltr'>cares,</span> <span class='ocrx_word' id='word_1_181' title='bbox 1197 3871 1313 3944; x_wconf 87' lang='lat' dir='ltr'>damni</span> <span class='ocrx_word' id='word_1_182' title='bbox 1434 3839 1435 3920; x_wconf 60' lang='lat' dir='ltr'>l</span> 
     </span>
     <span class='ocr_line' id='line_1_26' title="bbox 315 3985 1308 4095; baseline 0.01 -36"><span class='ocrx_word' id='word_1_183' title='bbox 315 3985 403 4062; x_wconf 91' lang='lat' dir='ltr'>nihil</span> <span class='ocrx_word' id='word_1_184' title='bbox 427 3989 520 4064; x_wconf 82' lang='lat' dir='ltr'>laris.</span> <span class='ocrx_word' id='word_1_185' title='bbox 546 3993 654 4086; x_wconf 91' lang='lat' dir='ltr'>Quod</span> <span class='ocrx_word' id='word_1_186' title='bbox 678 3995 794 4070; x_wconf 86' lang='lat' dir='ltr'>Hirtio</span> <span class='ocrx_word' id='word_1_187' title='bbox 820 3996 1012 4095; x_wconf 87' lang='lat' dir='ltr'>invideres,</span> <span class='ocrx_word' id='word_1_188' title='bbox 1030 3999 1096 4070; x_wconf 91' lang='lat' dir='ltr'>nisi</span> <span class='ocrx_word' id='word_1_189' title='bbox 1117 4023 1198 4071; x_wconf 87' lang='lat' dir='ltr'>eum</span> <span class='ocrx_word' id='word_1_190' title='bbox 1224 4023 1308 4072; x_wconf 83' lang='lat' dir='ltr'>ama·</span> 
     </span>
    </p>
   </div>
   <div class='ocr_carea' id='block_1_10' title="bbox 0 0 1460 4954">
    <p class='ocr_par' dir='ltr' id='par_1_10' title="bbox 0 0 1460 4954">
     <span class='ocr_line' id='line_1_27' title="bbox 0 0 1460 4954; baseline 0 4"><span class='ocrx_word' id='word_1_191' title='bbox 0 0 1460 4954; x_wconf 95' lang='lat' dir='ltr'> </span> 
     </span>
    </p>
   </div>
  </div>
 </body>
</html>
