2932 4954
311 402 383 476 518
680 413 948 470 assortrr'oras

315 527 349 590 15
369 525 458 610 apud
478 543 589 586 omnes.
609 525 664 585 tvls.
686 525 774 584 Cart.
789 534 819 584 et
831 523 894 584 Pal.
908 523 994 606 prim.
1009 524 1155 605 proxima
1173 523 1317 606 prodam

346 636 452 716 gratia.
474 634 547 693 Mox
566 631 657 712 vulgo
676 645 706 693 et
723 631 798 690 milri
817 643 904 691 certe:
927 631 979 691 sed
1000 624 1031 683 τό
1052 645 1081 690 et
1100 643 1180 692 recte
1201 629 1319 692 delerit

348 741 501 801 Ernestius
522 741 698 800 auctoritate
717 742 792 799 mati.
815 739 865 798 Sic
885 759 930 821 ep.
944 739 1062 821 DXVl,
1077 739 1108 800 3:
1127 738 1226 800 saadio
1247 742 1323 822 qui-

349 848 416 909 dem
437 861 520 908 certe.
541 845 647 908 Paullo
667 857 734 930 post
753 846 832 908 idem
853 847 916 907 Pal.
932 847 1020 928 prim.
1035 858 1066 906 et
1077 847 1173 908 Vatia
1185 849 1319 930 possam

315 955 350 1017 16
371 955 483 1038 Supple
503 969 549 1035 te,
573 957 636 1016 sine
656 975 717 1036 quo
736 933 890 1016 Ernestius
910 955 970 1014 iam
990 965 1112 1036 questus
1132 966 1176 1015 est
1200 955 1320 1016 dumm

349 1066 434 1124 trimis
460 1084 536 1143 esse,
562 1047 705 1145 quodque
730 1065 872 1123 nimirum
897 1061 989 1124 habet
1012 1061 1119 1122 Lamb.
1140 1077 1173 1124 ut
1191 1077 1218 1124 tc
1238 1085 1318 1124 con-

350 1173 435 1232 soler.
487 1147 496 1186 t

315 1301 347 1360 ¹7
368 1279 552 1360 Exquisitam
583 1278 671 1338 faisse
697 1277 862 1338 docuinam
889 1281 920 1339 in
945 1277 980 1339 P.
1001 1276 1118 1359 Nigidio
1137 1277 1245 1360 Figulo
1267 1290 1320 1340 te·

349 1396 444 1446 statur
463 1385 539 1446 Gell.
559 1383 668 1467 (xlx,
688 1385 747 1469 4),
768 1385 841 1446 dum
861 1385 942 1446 hunc
963 1396 993 1446 et
1012 1385 1179 1447 Varronem
1198 1385 1321 1447 doem-

349 1513 455 1553 narnm
475 1493 606 1554 cubnina
625 1493 770 1598 appellat3
784 1504 814 1554 et
827 1491 961 1554 Macrob.
977 1493 1054 1573 (Sat.
1068 1493 1128 1575 lll)
1140 1494 1321 1554 maxinmm

349 1621 446 1660 remm
465 1601 646 1662 nommlr'um
672 1599 884 1683 indagatorem.
910 1602 989 1662 Prae
1015 1603 1119 1662 ceteris
1138 1621 1208 1662 vero
1229 1601 1321 1663 idem
1454 1629 1455 1660 i

349 1706 455 1767 Cicero
475 1707 559 1768 illum
580 1707 732 1790 splendide
753 1707 855 1769 laudat
875 1711 906 1768 ia
925 1709 1065 1769 Prooem.
1080 1707 1118 1768 de
1132 1709 1214 1768 Vnir.
1229 1707 1321 1770 Vide

349 1815 462 1876 Manat.
483 1815 571 1876 lanus
592 1817 752 1898 Rutgerius
776 1817 942 1898 fragmenta
965 1813 1128 1894 librorum,
1148 1835 1222 1896 quos
1244 1837 1322 1876 ma-

350 1942 409 2001 gno
429 1943 556 1984 numero
576 1927 758 2006 composuit,
783 1935 848 1983 tum
868 1924 1001 1984 Graecos
1020 1929 1086 1982 tum
1106 1925 1224 1982 Latinos
1248 1923 1322 1984 ool-

347 2029 434 2108 legit,
454 2030 525 2090 Var.
545 2030 626 2090 Lect„
648 2029 683 2112 6,
703 2031 761 2110 111,
782 2053 807 2090 c.
833 2029 876 2092 16.

314 2133 348 2196 ι8
369 2136 449 2212 Quia
471 2133 626 2217 diligenter
647 2147 757 2200 attente
778 2137 905 2200 observo
925 2138 999 2220 quid
1019 2137 1067 2198 lric
1087 2149 1209 2218 agaim
1231 2159 1323 2220 qno-

348 2243 440 2305 modo
460 2265 507 2306 res
528 2265 559 2306 se
578 2243 728 2328 habeant,
760 2244 821 2305 sire
851 2257 1001 2328 gerantur.
1028 2247 1200 2325 Mart-Lag.
1226 2245 1321 2308 dedit

348 2353 512 2414 laliacum
532 2351 722 2437 attendoqne,
742 2373 802 2435 qna
822 2356 1014 2436 auctoritate,
1035 2355 1142 2414 neseio.

305 2479 349 2542 ‘¹9
368 2457 421 2520 Est
441 2461 472 2520 in
490 2459 586 2520 tribua
606 2459 714 2522 Ambo.
735 2481 794 2520 non
814 2481 930 2544 semper
938 2461 1010 2543 fine
1025 2459 1072 2523 vel
1084 2481 1175 2543 semp.
1191 2479 1252 2518 non
1263 2461 1320 2546 fi

348 2567 431 2648 quod
450 2570 509 2628 iem
530 2567 636 2631 Lamb.
657 2567 730 2630 vidit
742 2571 779 2628 in
800 2569 876 2652 aliia,
896 2579 999 2651 asapia
1017 2571 1047 2628 in
1062 2568 1109 2628 ed.
1121 2567 1201 2628 Med.
1214 2568 1321 2646 Quod

348 2677 370 2734 si
392 2677 457 2756 quis
477 2675 601 2757 probat,
621 2679 663 2737 ait
682 2675 853 2758 Sohiitzius,
876 2677 1049 2738 Ciceronem
1070 2659 1202 2738 dinnare
1221 2676 1321 2736 intel-

301 2791 304 2798 '
348 2779 435 2860 ligat,
462 2793 572 2842 nattam
596 2782 677 2844 hunc
703 2787 776 2866 reip.
797 2783 854 2844 sub
874 2783 1075 2846 dominatione
1096 2783 1228 2843 Caesaris
1250 2805 1319 2848 non

347 2908 465 2969 semper
483 2889 627 2952 futurum.
647 2892 687 2952 At
707 2891 873 2952 consideret
893 2894 998 2976 etiam,
1021 2895 1052 2952 in
1072 2891 1245 2952 huiusmodi
1265 2913 1321 2954 re-

348 2991 404 3054 bus
425 2993 598 3056 Ciceronem
625 2996 663 3059 de
688 3019 773 3059 more
799 3020 916 3082 semper
943 3001 1037 3060 tristia
1056 3001 1210 3078 ominare3
1235 3005 1317 3060 etsi

348 3101 522 3164 admittatur
541 3125 614 3186 non,
634 3126 809 3169 evanescere
829 3107 1001 3188 antithesin,
1027 3127 1106 3189 quae
1131 3107 1180 3168 laic
1205 3127 1317 3168 neces-

349 3215 425 3272 saria
445 3211 571 3274 ridetur.

309 3337 347 3379 20
367 3319 500 3379 Caesaris
521 3319 637 3382 scilicet
657 3321 707 3382 sie
726 3343 796 3382 eum
817 3322 950 3403 designat
963 3323 1051 3382 etiam
1065 3323 1095 3380 in
1110 3343 1156 3404 ep.
1171 3319 1314 3383 DCCVll

349 3438 417 3487 ante
436 3425 485 3488 fin.
500 3427 631 3488 Primam
646 3429 805 3512 respondet
818 3431 894 3490 infra
907 3427 1111 3512 sequentibus:
1127 3429 1316 3490 Familiares

348 3555 415 3595 vero
435 3535 506 3594 circs.
526 3535 587 3596 Pro
608 3537 701 3619 ipsias
722 3537 787 3598 cod.
810 3537 897 3598 dmb.
919 3559 936 3617 7
955 3537 1026 3597 eius.
1040 3537 1121 3596 Tum
1136 3553 1204 3595 mss.
1220 3535 1314 3596 Crat.

349 3640 457 3723 aliique
474 3645 651 3725 prospicere.

310 3767 344 3804 21
368 3749 553 3832 Pompeianis
573 3751 644 3832 illis,
663 3755 715 3833 qui
734 3763 802 3834 post
820 3773 952 3834 pugnam
972 3749 1172 3812 Pharsalicam
1193 3747 1314 3808 bellam

350 3855 379 3912 in
399 3855 497 3915 Africa
516 3869 712 3941 renovarunt3
733 3880 778 3941 ep.
799 3836 945 3920 CDLtiV.
968 3857 1154 3942 Respondete
1175 3856 1314 3936 Ιηὶειίιιτ,

349 3959 424 4022 idest
443 3967 558 4026 reniam
579 3965 767 4048 precantibus
787 3985 912 4048 negare,
932 3977 967 4028 ut
986 3965 1122 4051 explanat
1140 3966 1256 4029 Manat.
