2910 4962
323 409 397 501 4⁰²
684 417 856 470 semrom
881 419 977 468 nxrr.
1105 417 1189 466 nv.
1206 417 1236 464 c
1253 427 1298 480 ,η

324 533 420 631 pum
451 525 594 631 (pridem
628 523 739 597 ullum
771 535 827 596 est
851 519 1058 624 reliqunm³
1082 519 1187 594 nobis
1214 520 1323 620 digni·

325 659 424 756 tatis,
449 657 630 756 agiturque
655 649 855 751 praeclare,
887 649 916 721 si
946 649 1183 748 noanefipsos
1208 673 1323 746 regem

325 808 531 886 possumus,
555 794 597 853 ut
620 803 683 877 ea,
707 801 797 879 quae
823 775 953 876 partim
978 776 1050 848 ium
1075 774 1223 872 adsunt,
1247 799 1326 874 par-

325 912 388 984 tim
412 907 636 1010 impendent,
660 902 843 978 moderate
868 902 1039 976 seramus:
1065 899 1165 1003 quod
1188 914 1243 974 est
1267 899 1327 972 dil·

323 1035 414 1110 fieile
438 1037 476 1109 in
500 1031 672 1108 eiusmodi
696 1028 836 1129 bellot,
868 1029 966 1103 cuins
999 1029 1112 1102 exitus
1144 1054 1189 1100 ex
1220 1025 1325 1100 altera

323 1176 425 1263 parte
449 1159 594 1236 caedem
614 1171 771 1233 ostentat
782 1159 810 1256 ⁶,
830 1182 873 1246 ex
889 1155 998 1230 altera
1015 1157 1229 1230 servitutem.
1246 1155 1326 1244 Quo

323 1291 361 1364 in
385 1287 544 1390 periculo
569 1284 732 1361 nonnihil
754 1306 814 1358 me
837 1281 1057 1381 consolatur,
1083 1307 1192 1384 quum
1216 1303 1327 1352 recor-

325 1415 408 1515 dor,
431 1413 519 1488 haec
546 1437 602 1488 me
628 1425 705 1486 tum
729 1409 874 1510 vidisse,
891 1435 1001 1513 quum
1026 1406 1197 1482 secundas
1223 1407 1326 1478 etiam

325 1567 381 1616 res
405 1554 563 1638 nostras,
591 1563 664 1612 non
690 1537 800 1612 modo
827 1536 993 1611 adversas
1018 1531 1328 1636 pertimescebam,

325 1663 575 1768 videbamque,
601 1677 734 1766 quanto
760 1663 917 1764 periculo
944 1663 988 1736 de
1013 1664 1088 1735 iure
1112 1659 1259 1762 publico
1277 1659 1328 1731 di-

324 1788 543 1894 sceptaretur
568 1773 684 1865 armis.
710 1790 866 1891 Quibus,
887 1790 918 1865 si
934 1789 1100 1864 vicissent
1119 1789 1162 1886 ii,
1178 1785 1226 1860 ad
1242 1811 1328 1888 quos

321 1945 391 2018 ego
416 1920 515 2020 pacis
539 1945 621 2024 spe,
645 1943 718 1991 non
743 1917 827 1990 belli
858 1916 1052 2018 cupiditate
1077 1913 1253 1988 adductus
1277 1939 1329 1986 ac·

326 2068 496 2118 cesseram
505 2071 516 2144 3
541 2057 659 2116 tamen
685 2039 940 2144 intelligebam,
956 2054 1002 2116 et
1026 2044 1195 2116 iratorum
1221 2039 1330 2114 bomi-

324 2194 430 2270 num,
455 2183 492 2244 et
516 2169 727 2270 cupidorum
741 2174 768 2270 ⁶,
792 2184 829 2244 et
853 2169 1095 2269 insolentium,
1112 2196 1220 2270 quam
1241 2181 1329 2242 esset

327 2295 478 2374 crudelis
504 2299 620 2374 future
647 2299 817 2373 victoria:
851 2299 905 2372 sin
938 2281 1054 2372 autem
1085 2299 1170 2371 victi
1195 2311 1329 2396 essent,

326 2439 478 2527 quemue
505 2425 667 2500 interitus
688 2439 780 2499 esset
796 2425 932 2499 futurus
949 2426 1096 2522 civium,
1110 2424 1241 2525 partim
1258 2449 1329 2496 arn-

326 2550 589 2652 plissimorum,
622 2553 751 2653 partim
785 2553 891 2625 etiam
924 2548 1140 2652 optimorum
1149 2578 1161 2649 5
1190 2551 1251 2652 qui
1275 2575 1328 2622 me

324 2677 415 2750 haec
448 2677 712 2779 praedicentem
732 2697 758 2780 7,
790 2693 895 2781 atque
927 2676 1061 2780 optime
1090 2675 1328 2752 consulentem

325 2802 429 2876 saluti
447 2831 548 2904 suae,
565 2804 743 2878 malebant
759 2807 907 2880 nimium
928 2804 1108 2904 timidum,
1125 2829 1231 2906 quam
1248 2803 1328 2876 satis

329 2927 542 3028 prudentem
567 2931 766 3004 existimari.

375 3082 396 3130 n
423 3054 533 3150 Quod
557 3069 677 3131 autem
703 3059 788 3132 mihi
816 3059 861 3132 de
886 3083 945 3158 eo,
971 3058 1069 3161 quod
1095 3058 1243 3157 egerim,
1259 3081 1329 3156 gra·

324 3179 465 3283 tuleris,
492 3196 527 3256 te
552 3184 600 3258 ita
626 3183 732 3286 velle,
759 3199 856 3260 certo
881 3186 971 3258 scio:
989 3185 1053 3259 secl
1076 3209 1142 3284 ego
1169 3197 1243 3258 tam
1268 3184 1328 3258 mi-

328 3335 407 3383 sero
441 3323 599 3413 tempore
632 3313 722 3388 nihil
753 3315 837 3388 novi
872 3314 1007 3388 consilii
1038 3315 1233 3416 cepissem,
1266 3311 1327 3384 nisi

322 3433 360 3507 in
392 3435 504 3510 reditu
531 3441 644 3514 meo8
670 3438 780 3514 nihilo
805 3439 966 3516 meliores
993 3467 1047 3516 res
1076 3439 1289 3514 domesticas
1305 3455 1328 3534 ⁹,

323 3587 428 3664 quam
463 3591 537 3640 rem
571 3567 749 3668 publicam
783 3566 1015 3648 offendissem.
1046 3569 1184 3661 Quibus
1220 3571 1329 3666 enim,

321 3713 389 3788 pro
417 3693 503 3768 meis
530 3693 786 3770 immortalibus
817 3694 1018 3794 beneficiis,
1052 3697 1230 3772 carissima
1255 3719 1327 3768 mea

321 3813 416 3890 salus
436 3833 477 3892 et
502 3845 600 3895 meae
628 3821 788 3896 fortunae
813 3847 889 3896 esso
915 3821 1107 3923 debebant,
1125 3849 1236 3925 quum
1252 3848 1327 3924 pro-
1435 3865 1436 3872 κ

320 3953 400 4040 pter
424 3969 544 4020 corum
571 3947 683 4023 scelus
709 3948 794 4022 nibil
821 3949 905 4023 milri
931 3951 1020 4026 intra
1047 3977 1145 4025 meos
1170 3952 1315 4052 parietes
