2932 4954
513 406 549 450 rn
576 402 764 452 nrrsronts
1069 384 1141 481 545

173 505 486 590 quidem-erubui&
507 504 589 585 quod
608 505 763 566 Emeitiur
782 506 968 588 praetulisset
988 507 1012 568 si
1032 513 1141 572 stoiun

181 624 408 676 memoraretur.
801 691 805 700 Ι

141 745 178 782 ra
201 723 306 800 Quum
327 724 355 782 ei
375 719 611 802 exprobraretur.
632 720 673 780 Εἰ
691 720 786 782 adieci
812 741 881 780 oum
901 721 1007 782 bamb.
1028 744 1067 784 ex
1085 745 1141 784 no·

181 841 243 890 stro
268 827 305 889 15
326 837 356 888 et
381 827 418 902 14
437 847 455 886 a
475 847 566 886 manu
592 837 700 910 poster.
720 826 821 908 Vulgo
845 827 950 909 abest,
980 831 1063 911 quod
1088 835 1141 892 etsi

179 935 264 996 facile
283 934 476 1014 subauditur,
496 936 583 994 nimis
603 944 703 994 tamen
723 933 842 996 durum.
917 950 922 964 '

143 1045 179 1104 13
201 1043 232 1104 A
252 1041 349 1102 laide
369 1043 467 1102 omisit
487 1041 614 1120 bamb,
643 1041 767 1102 fortasse
779 1054 821 1102 'ut
840 1042 945 1104 metius
965 1047 1142 1106 comentiret

182 1171 290 1230 graeco
308 1146 381 1222 ixa,
395 1161 429 1202 εκ
445 1145 565 1222 ἵκωμαι·
584 1147 672 1210 Δηὼ.
698 1148 733 1210 ι5
754 1169 825 1210 cnm
849 1149 915 1212 cod
940 1148 1055 1212 Manat
1075 1152 1143 1212 Ha·

182 1259 254 1330 beo,
270 1258 379 1340 inquit,
393 1255 514 1330 laida,
528 1277 588 1318 non
606 1257 718 1318 habeor
734 1279 756 1318 a
776 1257 881 1320 Iar'de.
900 1258 963 1320 Cur
982 1279 1054 1320 vero
1073 1280 1143 1322 mox

181 1364 253 1424 dicit
269 1385 375 1444 graece
392 1366 450 1424 boe
469 1365 574 1424 melius
595 1365 783 1447 (exprimit),
803 1387 898 1446 quum
916 1366 1037 1448 singulis
1057 1387 1142 1448 grae-

182 1475 223 1530 cis
244 1472 366 1532 roribus
385 1471 494 1532 latinae
514 1471 734 1555 respondeant?
759 1474 904 1534 Nimirum
925 1477 995 1554 quia
1015 1472 1142 1536 verbum

182 1575 245 1646 ἔχω
277 1577 364 1638 aliam
395 1579 515 1660 insuper
546 1577 787 1658 significationem
817 1580 979 1662 quamdam
1011 1579 1142 1642 babebat

181 1684 263 1768 apud
284 1686 434 1770 Graeooo,
464 1687 549 1746 ouius
579 1685 810 1746 obseoenitatem
834 1698 869 1746 ut
892 1689 997 1748 vitaret
1017 1688 1142 1770 Cicero,

179 1793 270 1854 latine
289 1793 541 1878 transvertendum
562 1793 656 1854 Paeto
676 1793 869 1876 relinquebat.

147 1902 184 1978 14
203 1899 310 1960 Lamb.
331 1900 438 1982 diique
468 1899 577 1962 nedram
605 1923 726 1973 sarem
757 1912 920 1982 utrumque
940 1924 957 1962 e
978 1921 1068 1985 msa,
1090 1901 1143 1964 aad

181 2029 258 2070 miae
288 2006 391 2068 abesse
422 2005 470 2068 bie
489 2029 549 2071 non
570 2019 690 2092 potest,
721 2019 755 2068 ut
780 2011 897 2072 monuit
916 2008 1053 2090 Ernest,
1074 2013 1144 2092 quia

180 2113 341 2198 respondet
367 2131 407 2185 τφ
433 2137 584 2198 uinquam.
612 2116 771 2200 Ceteroqui
797 2137 834 2177 ne
863 2119 935 2200 poni
961 2139 1016 2199 pro
1035 2117 1144 2178 mdrtm

181 2221 310 2284 ostendit
329 2223 431 2283 Rivius
451 2221 490 2282 ad
510 2222 647 2304 Sallust,
667 2234 698 2284 et
717 2233 762 2284 est
781 2225 812 2284 in
832 2223 918 2284 Verr.
940 2224 980 2306 V,
1000 2225 1049 2284 23.

148 2330 182 2390 ri
205 2329 317 2410 Supple
348 2330 442 2401 venit,
473 2341 507 2390 ut
533 2333 648 2409 integre
674 2341 718 2391 est
741 2329 779 2390 de
799 2331 863 2390 Nat
883 2330 974 2391 Deor.
995 2331 1024 2409 1,
1045 2331 1084 2390 23
1105 2332 1144 2390 ad

183 2437 233 2496 fin.
253 2435 451 2498 Proverbium
471 2436 617 2498 obrourae
637 2437 774 2516 originis,
787 2457 849 2519 quo
863 2433 1043 2519 significatur
1063 2439 1144 2518 quio·

182 2543 257 2626 quid
277 2546 421 2625 occurrit,
441 2543 583 2626 quioquid
603 2563 688 2604 uatus
707 2542 778 2622 fert,
799 2544 874 2622 sire,
893 2553 928 2602 ut
948 2542 1019 2604 aiibi
1038 2543 1144 2604 Cicero

182 2653 266 2734 ipse,
286 2651 427 2732 quioquid
448 2653 478 2710 iu
498 2649 624 2710 buccarn
645 2652 744 2730 venit,
774 2671 835 2710 non
856 2671 911 2734 pro
931 2653 1066 2730 ratione,
1091 2663 1144 2712 aut

182 2779 241 2840 pro
258 2769 340 2820 recta
359 2733 527 2840 voluntate,
547 2758 600 2818 aed
620 2756 801 2836 inconsulto,
821 2777 907 2834 oaau,
919 2757 1051 2818 fortuito.
1065 2757 1144 2820 Vide

186 2866 271 2926 i'arr.
292 2865 374 2947 apud
393 2865 522 2926 Nerium
536 2885 561 2926 α.
575 2885 611 2946 9,
623 2886 653 2924 n.
666 2861 695 2926 8.
710 2863 804 2926 Codd
818 2865 928 2926 tmbb.
946 2864 1054 2948 aliique
1074 2887 1145 2928 cunr

183 2971 291 3034 Lamb.
311 2973 421 3053 loqrtor
438 2971 567 3054 aliquod
587 2971 632 3033 vel
651 2971 770 3054 aliquid
787 2973 872 3054 quod
891 2974 922 3032 in
941 2996 965 3034 r.

148 3079 184 3140 ι6
204 3077 292 3138 Αυὼ.
320 3077 354 3140 ι5
374 3081 516 3160 garrium
537 3081 628 3140 oeteri
651 3089 770 3162 praeter
794 3069 888 3142 unrim
910 3100 929 3142 a
950 3079 1058 3162 aliique
1078 3078 1146 3138 iibri

183 3196 253 3246 vett.
273 3198 302 3244 et
321 3186 351 3244 in
369 3206 392 3246 r.
413 3199 470 3258 ηις
485 3185 569 3266 quod
587 3187 648 3246 iam
668 3186 814 3246 Graevius
834 3195 865 3246 et
884 3185 999 3246 Erneet.
1021 3183 1146 3244 sustule-

185 3304 264 3354 runt.
284 3293 421 3356 Fuerunt
440 3294 492 3374 qui
513 3303 707 3352 oonexerunt
723 3313 753 3372 g.
772 3292 879 3364 otiari,
894 3291 976 3372 quod
995 3293 1054 3351 iem
1075 3290 1147 3350 oub-

184 3399 281 3460 audin'
301 3410 399 3481 potent
418 3403 449 3460 in
468 3401 531 3482 ipso
551 3398 697 3482 particula
716 3412 752 3460 et.

151 3529 185 3588 ¹7
207 3507 273 3569 Noti
293 3525 343 3571 me
363 3506 596 3590 reprehendere,
615 3509 700 3589 quari
721 3517 756 3568 tu
774 3505 879 3568 melius
899 3526 989 3588 ogas,
1013 3525 1109 3587 quum
1128 3527 1147 3564 a

186 3617 249 3674 risu
269 3623 299 3674 et
319 3613 501 3675 iucunditate
522 3617 563 3674 ita
581 3635 642 3676 non
663 3613 841 3695 abhorreas,
866 3624 901 3673 ut
921 3615 1009 3674 etiam
1029 3615 1060 3672 in
1079 3611 1146 3692 phi-

185 3720 346 3803 losophum
365 3723 498 3786 irriseris.
519 3721 634 3784 Manat.
659 3723 837 3786 Nostrorum
860 3720 922 3780 duo
944 3741 1011 3781 cum
1033 3719 1145 3779 Victor.

187 3829 312 3909 aliisque
344 3831 375 3888 in
401 3828 673 3909 philosophantur.
699 3830 916 3912 praepositione
942 3849 959 3889 e
985 3825 1078 3890 verbo
1097 3845 1148 3887 re-

188 3938 288 4018 petita

233 4057 338 4120 Cicer.
363 4057 460 4121 VIII.
480 4093 521 4108 -
541 4057 616 4120 Lett.
642 4057 674 4118 T.
700 4059 777 4122 VII.
991 4059 1030 4123 35
