2880 4956
337 467 385 544 36
633 483 803 536 sereroca
829 483 1014 535 ccexovru.
1114 485 1146 533 ι.
1166 487 1197 532 v.
1214 487 1244 534 a
1262 487 1311 548 ‚os

333 593 452 668 Minus
476 589 647 665 sermonis
672 587 869 686 subiissem,
893 587 1008 661 minus
1033 587 1247 688 accepissem
1273 565 1365 664 dc·x

330 717 432 818 loris,
456 717 573 818 ipsum
598 715 666 789 huc
691 739 748 787 me
773 737 846 787 non
872 727 1021 813 angeret.
1042 713 1220 788 Brundisii
1246 715 1336 790 iace·

331 869 393 944 re,
416 843 454 916 in
478 867 600 916 omnes
625 855 742 941 partes
768 854 821 914 est
846 838 1040 936 molestum.
1067 841 1215 938 Propius
1237 866 1336 914 acce·

332 969 432 1070 dere,
455 981 495 1042 ut
519 964 657 1067 suades,
692 990 762 1068 quo
787 965 895 1040 modo
921 967 995 1038 sine
1020 965 1219 1066 lictoribus,
1245 991 1336 1068 qum

329 1095 483 1199 populus
509 1094 622 1192 dedit,
647 1093 842 1193 possuml⁶
859 1093 917 1194 qui
936 1091 1022 1164 mibi
1039 1091 1206 1168 incolumi
1224 1093 1334 1167 adimi

330 1208 403 1296 non
428 1233 586 1324 possunt.
612 1219 713 1312 Quos
738 1245 802 1317 ego
829 1217 938 1292 modo
963 1205 1257 1319 paullispercum
1274 1217 1336 1292 ba·

223 1385 225 1390 ·
330 1347 417 1420 oillis
442 1348 479 1418 in
505 1343 645 1420 turbam
671 1345 849 1444 conieci'r,
874 1343 920 1418 ad
945 1339 1118 1448 oppidum
1143 1343 1335 1460 accedeus²

328 1497 374 1546 ue
399 1471 477 1574 quie
501 1470 653 1582 impetus
678 1468 829 1544 militum
858 1462 966 1546 lieret.
997 1469 1144 1576 Recipio
1172 1449 1333 1575 tempore

329 1622 386 1677 me
413 1595 567 1674 domum.
594 1595 648 1670 Te
672 1619 766 1671 nuuc
792 1594 838 1670 ad
862 1594 1011 1688 Balbum
1038 1609 1074 1669 et
1098 1596 1264 1698 Oppium.
1280 1598 1330 1702 ,Si

327 1721 369 1796 iia
394 1721 549 1822 placeret
573 1720 698 1820 modo,
722 1721 870 1824 propius
896 1721 1172 1820 commearent
1188 1719 1255 1798 luae
1280 1723 1327 1810 de

328 1871 367 1922 re
391 1846 686 1930 consideranda.
711 1846 845 1948 Credo,
869 1847 943 1922 iure
968 1849 1216 1936 auctoretatem
1232 1850 1331 1922 enim

327 1973 523 2074 recipiunt)
549 1973 689 2048 Caesari
709 1994 784 2047 non
800 1967 909 2049 modo
926 1973 971 2047 de
986 1973 1327 2073 conservantque

190 2093 194 2100 ’
327 2097 433 2174 etiarn
459 2097 503 2171 da
529 2097 685 2198 augenda
711 2125 788 2174 mea
815 2099 984 2199 dignitate
995 2103 1029 2198 95'
1042 2120 1168 2201 meque
1185 2098 1332 2172 hortan-

326 2237 400 2326 tur,
426 2239 466 2298 ut
490 2249 618 2323 magno
643 2225 761 2302 auimo
786 2227 870 2325 sim,
887 2238 927 2299 ut
947 2227 1064 2300 omnia
1090 2251 1223 2300 summa
1249 2251 1329 2325 spe-

325 2374 416 2424 rem:
441 2375 482 2426 ea
507 2349 701 2452 spondent,
726 2353 952 2452 confirmant,
969 2377 1058 2456 quae
1079 2349 1220 2453 quidem
1239 2349 1326 2423 mibi

325 2474 561 2576 exploratura
591 2491 730 2579 essent,
761 2481 792 2554 si
827 2480 1079 2557 remansissem.
1109 2477 1180 2550 Sed
1204 2477 1327 2576 ingero

324 2605 522 2702 praeterita.
546 2604 658 2704 Vide,
682 2629 832 2707 quaeso,
854 2606 960 2705 igitur
983 2628 1043 2704 ea,
1065 2626 1156 2705 quae
1172 2617 1329 2722 ruunt,

323 2738 360 2798 et
384 2727 527 2828 explora
553 2750 634 2802 cum
657 2731 754 2804 istis:
779 2742 817 2803 et
840 2732 871 2804 si
895 2729 1046 2830 putabis·
1062 2755 1153 2830 opus
1179 2752 1270 2828 esse,
1288 2743 1328 2803 et

323 2847 354 2921 si
378 2849 453 2922 istis
479 2849 649 2951 placebit,
674 2876 745 2954 quo
770 2854 879 2975 magia
904 2853 1035 2928 factum
1057 2869 1219 2928 nostrum
1235 2855 1328 2928 Cae·

322 2997 379 3046 sar
402 2973 553 3087 probet,
589 2979 700 3088 quasi
721 2965 789 3051 de
798 3003 941 3053 suorum
972 2983 1144 3056 sententia
1162 2981 1327 3104 laetum,

322 3074 554 3181 adhibeantur
579 3080 794 3206 Trebonius,
817 3107 974 3184 Pansa¹⁰
974 3111 1039 3209 ,si
1065 3092 1124 3212 qiu
1114 3107 1225 3209 ali13
1242 3109 1326 3183 acri·

320 3224 476 3330 luantque
500 3227 546 3306 ad
565 3231 779 3333 Caesmem,
807 3258 881 3335 me,
906 3164 1073 3338 quicquid
1095 3167 1254 3337 fecerim,
1279 3235 1325 3312 de

321 3377 383 3426 sua
408 3355 583 3430 sententia
608 3356 738 3434 iecisse.

356 3505 393 3552 a
418 3478 558 3554 Tulliae
580 3505 687 3560 meae·
704 3485 848 3562 morbus
871 3501 908 3562 et
924 3489 1145 3566 imbecillitas
1162 3493 1322 3593 corporis

320 3611 376 3676 md
401 3607 600 3705 exanimat,
634 3634 737 3710 quarn
769 3613 834 3686 tibi
858 3614 1016 3714 intelligo
1042 3641 1189 3727 maguae
1215 3643 1323 3694 curae

320 3753 410 3800 esse·
402 3732 533 3834 ,quod
558 3747 611 3807 est
637 3735 721 3808 rnilri
748 3739 989 3836 giffarissimum

371 3853 392 3926 3
418 3857 471 3928 De
495 3859 654 3982 Pompeii
681 3864 816 3936 exitu¹¹
844 3865 929 3941 mibi
955 3858 1099 3942 dubium
1125 3893 1320 3973 numquam

320 3977 407 4050 luit·
433 3994 529 4060 tanta
555 3987 648 4061 enim
675 3988 873 4090 desperatio
906 4019 1021 4069 rerum
1058 3997 1132 4070 cius
1158 4000 1319 4073 omnium
1427 3993 1428 4027 l
