2910 4962
528 457 567 508 ns
592 457 781 510 assarones
1079 433 1152 532 453

194 569 228 624 et
247 557 357 624 multet.
379 579 468 642 caepe
486 579 546 620 non
564 573 684 642 ωςατω
693 560 813 644 fecisti3
833 557 922 643 piane
941 570 976 630 ut
989 559 1152 624 Scbiitaius.

193 671 235 730 At
252 667 348 730 muita
366 665 456 730 buius
476 669 590 748 generis
610 667 785 730 Ciceronem
804 667 896 730 exsilii
909 665 1075 730 calamitate
1088 691 1155 752 per

194 774 311 839 ουΙιιιιῃ
340 777 373 836 in
401 778 511 838 amicos
540 775 696 838 contulisse
719 775 847 840 vidimus
871 777 903 841 in
927 775 1055 860 epistolis
1086 797 1153 838 ann.

191 882 333 945 Dcxcv
352 893 383 946 et
401 882 553 948 DCXCVI
572 883 657 946 datis.

153 989 192 1052 1³
212 989 297 1052 Libri
316 989 450 1074 plerique
469 1001 549 1062 vett,
560 1011 621 1054 non
640 991 873 1072 amoenantis,
893 988 947 1052 sed
967 987 1075 1052 adiecit
1087 990 1155 1052 Me·

191 1108 256 1159 nat.
278 1119 316 1158 ex
334 1097 415 1170 libro
432 1097 541 1161 vbatat
565 1097 695 1181 aliisque.
721 1099 831 1160 Sensus
857 1109 920 1160 est:
943 1108 1098 1180 ‚quantum
1124 1099 1154 1156 in

155 1250 157 1258 J
194 1203 317 1288 perdita
336 1204 428 1268 rebus
446 1207 574 1292 prospici
594 1216 699 1292 potest.

556 1445 748 1509 coxxvlu.

156 1655 168 1695 r
193 1634 264 1697 bist.
285 1632 376 1718 aliqui
397 1647 457 1698 tota
477 1633 526 1696 die
545 1632 604 1698 tab.
625 1649 748 1698 vestas:
775 1645 806 1696 et
831 1648 940 1698 vetans
963 1655 1021 1718 pro
1041 1648 1156 1698 nonme

194 1753 240 1806 est
259 1745 289 1804 in
307 1741 409 1806 multis
430 1743 497 1804 edd.
517 1754 587 1844 vett
713 1810 716 1818 ,

580 1958 744 2021 coxam.
794 1937 798 1946 '

155 2195 168 2234 r
194 2171 282 2235 Muta
303 2171 391 2236 codd.
413 2183 443 2236 et
463 2172 532 2238 edd.
553 2185 624 2236 vett.
645 2173 762 2238 addunt
780 2175 830 2236 bic
856 2185 886 2236 et
912 2173 987 2236 inira
1007 2173 1067 2257 fac
1090 2183 1159 2234 ante

193 2295 225 2344 ut
244 2283 300 2356 sit,·
322 2280 375 2343 sed
395 2281 454 2343 boe
474 2305 491 2342 e
512 2281 609 2363 glossa
629 2303 706 2366 esse,
727 2286 835 2344 merito
857 2287 994 2366 suspicati
1014 2293 1083 2344 suat
1104 2283 1159 2344 viri

192 2388 291 2472 docti3
303 2411 399 2472 quum
415 2389 491 2452 haec
511 2393 541 2450 in
562 2391 699 2452 familiari
719 2411 854 2452 sermone
875 2390 1052 2473 pierumque
1073 2390 1159 2448 omit·

193 2509 313 2580 untur,
344 2511 375 2560 et
400 2499 484 2560 tacite
511 2521 547 2560 ac
572 2504 739 2562 necessario
766 2498 999 2579 subaudiantur,
1026 2506 1061 2557 ut
1080 2494 1159 2556 bene

192 2617 296 2666 monet
315 2607 473 2669 Victorius.
686 2581 691 2590 ι

149 2734 169 2773 2
191 2697 311 2796 begtmt
329 2713 377 2776 aiii
398 2716 511 2776 baltico.
532 2714 702 2799 Vtrumque
723 2726 823 2776 umen
840 2711 960 2776 sidetem
972 2713 1086 2773 Latinis
1099 2711 1161 2772 usi-

192 2831 303 2882 tatum:
325 2832 428 2884 utrum
448 2845 520 2886 vero
540 2823 588 2884 bic
609 2827 645 2885 sit
665 2821 770 2884 meiius
791 2827 851 2884 sive
872 2825 985 2904 venus,
998 2839 1091 2904 penes
1105 2817 1161 2878 do·

194 2938 258 2988 etos
277 2932 368 3012 optio.

582 3144 733 3206 CDXXX.

155 3377 166 3416 1
193 3357 266 3434 Quo
286 3354 457 3417 Trebonius
478 3357 626 3418 Ciceronis
648 3359 725 3419 dicta
748 3357 923 3439 eollegerat,
949 3354 988 3416 de
1008 3372 1070 3434 quo
1091 3348 1160 3434 piu-

193 3462 276 3526 ribus
296 3463 414 3526 dende.
434 3464 551 3524 Sebit'tz.
573 3467 646 3526 Mox
667 3464 772 3524 Lamb.
796 3467 824 3524 h.
845 3464 912 3547 cepi
931 3461 962 3522 d.

151 3592 169 3632 a
193 3571 327 3632 Caesaris
347 3575 429 3633 iussu
448 3574 543 3634 ianas
563 3593 620 3656 pro
640 3585 779 3658 praetore
800 3575 831 3636 ia
852 3571 1042 3656 Hispaniam,
1062 3575 1098 3626 ut
1118 3560 1162 3622 di·

124 3733 131 3741 .
193 3682 271 3740 citur
291 3679 375 3740 intra
396 3679 492 3746 Idem.
515 3681 590 3742 Cod.
612 3682 683 3746 Rec.
705 3684 803 3744 minus
824 3692 905 3744 recte
926 3693 1025 3740 tamen
1044 3673 1120 3734 disc.

152 3786 171 3846 3
194 3786 334 3848 Clodium
350 3789 502 3848 inimicum
511 3810 623 3872 meum,
634 3791 775 3852 eumdem
785 3801 872 3850 tuum
882 3786 1023 3850 habuisti.
1034 3780 1163 3844 Sehb'nb.

154 3895 175 3971 4
195 3894 305 3957 Pisone
325 3907 357 3958 et
376 3895 507 3956 Gabinio
528 3919 600 3958 cosa
621 3901 656 3962 A.
670 3899 709 3962 V.
731 3900 764 3960 C.
784 3897 954 3978 nexctlt,
974 3913 1036 3976 quo
1057 3891 1165 3951 Cicero

191 4001 259 4088 lege
284 4003 390 4070 Clodia
416 4007 448 4068 in
475 4005 607 4068 exsilium
633 4006 715 4072 abiit
739 4008 834 4072 Fure.
859 4003 991 4085 Scilicet,
1016 4017 1109 4083 quum
1130 3994 1164 4056 P·
