2900 4962
332 481 399 575 ¹34
655 495 826 547 nersronr
851 499 987 550 cnxxxr.
1111 501 1141 550 s.
1157 504 1191 554 v.
1208 507 1237 554 c.
1252 517 1299 568 ⁷⁰⁷

327 607 412 698 lim)
445 604 599 702 Romae,
633 599 826 675 dummodo
859 599 961 674 simul
993 603 1118 702 simus,
1145 605 1323 704 perficiem

327 732 504 834 prolecto,
529 743 570 803 ut
595 728 632 802 id
658 730 797 831 utrique
820 741 979 802 nostrum
1003 730 1324 807 commodissimum

328 885 404 934 esse
429 855 590 932 videatur
605 874 644 931 ¹⁰.

609 1061 612 1070 i
718 1107 940 1182 CDXXXII.
1058 1149 1112 1205 (rr
1128 1151 1180 1197 nse.
1196 1151 1244 1211 vr.
1259 1155 1305 1208 ιι)

330 1295 549 1376 Argrmreutum.
564 1289 618 1350 Cn.
633 1281 802 1350 Domitium
816 1285 1053 1350 Ahenobarbum
1067 1287 1102 1348 L.
1115 1289 1240 1349 Domitii
1256 1309 1327 1350 con-

370 1395 491 1471 suleris,
506 1396 557 1480 qui
573 1399 603 1457 in
617 1395 735 1480 proelio
748 1395 923 1456 Pharsalico
937 1393 1136 1470 occubuerat,
1148 1393 1262 1468 fitium,
1276 1399 1327 1478 qui

370 1519 438 1590 post
461 1504 534 1568 illud
555 1503 704 1588 praelium
734 1498 773 1562 sb
800 1505 891 1562 ermis
917 1513 1092 1574 recesserat,
1113 1505 1207 1564 serius
1228 1515 1328 1566 temen

337 1669 340 1678 .
370 1635 461 1698 quum
484 1613 605 1682 Cicero,
626 1629 679 1695 spe
700 1612 804 1670 venine
823 1609 1049 1692 impetrandae,
1069 1622 1193 1672 venerat
1213 1614 1245 1672 in
1266 1613 1328 1672 lte·

371 1719 458 1794 llum,
479 1731 561 1792 oret,
582 1729 617 1780 ut
637 1737 734 1801 quum
755 1717 829 1800 reip.
844 1721 904 1778 iem
924 1717 1113 1790 satisfecerit,
1134 1717 1328 1778 incolumitati

371 1853 442 1891 strue
459 1825 613 1900 consulut,
633 1836 665 1888 et
685 1820 853 1886 amicorum
876 1825 1072 1898 desiderium,
1094 1842 1170 1907 quos
1189 1823 1258 1886 belli
1278 1845 1328 1884 eu·

372 1961 421 2000 sus
441 1939 614 2020 eripuerat,
634 1950 754 2014 nequo,
775 1931 879 1994 saltem
903 1931 973 1993 sorti
995 1931 1071 1993 feret
1091 1935 1199 1993 animo.

410 2164 413 2176 '
526 2171 579 2225 ser.
598 2170 694 2223 nomae
714 2169 743 2218 t.
765 2165 797 2218 V.
815 2165 844 2217 C.
863 2163 999 2232 noctu,
1017 2165 1132 2219 ineunte.

660 2381 806 2460 CICERO
831 2385 1008 2456 DOMITIO

382 2647 464 2722 Non
489 2670 529 2720 ea
556 2669 611 2716 res
635 2665 692 2715 me
725 2635 911 2732 deterruit,
944 2658 1015 2733 quo
1047 2634 1180 2732 minus,
1210 2649 1329 2735 postea

332 2798 438 2876 quern
455 2773 491 2844 in
509 2767 646 2843 Iteliem
673 2764 801 2838 venisti
821 2779 846 2861 ¹,
869 2761 987 2834 literas
1013 2759 1060 2832 nd
1085 2774 1120 2832 te
1145 2760 1329 2858 mitterem,

332 2897 431 3004 quod
450 2911 486 2968 tu
506 2893 549 2966 nd
570 2917 625 2964 me
649 2889 761 2962 nullus
787 2889 947 2984 miseros,
972 2885 1035 2959 sed
1061 2887 1140 2987 quia
1167 2913 1232 2996 nec
1249 2885 1331 2988 quid

333 3025 397 3102 tibi
415 3019 616 3126 pollicerer,
633 3017 707 3115 ipse
726 3031 830 3111 egens
849 3011 951 3084 rebus
971 3013 1151 3111 omnibus,
1167 3039 1232 3086 nec
1250 3014 1330 3115 quid

333 3149 529 3246 suaderem,
562 3169 669 3246 quum
704 3137 929 3240 mihimetipsi
963 3139 1147 3212 consilium
1183 3137 1330 3236 deesset,

333 3307 399 3358 noo
425 3273 509 3380 quid
535 3267 785 3347 consolationis
817 3265 974 3338 afferrem
1009 3267 1044 3338 in
1079 3265 1184 3354 tantis
1217 3265 1331 3362 malis,

332 3401 558 3508 reperiebam.
588 3398 685 3472 Haeo
712 3419 925 3496 quamquam
949 3393 1058 3468 nihilo
1085 3393 1228 3466 meliora
1254 3407 1331 3466 sunt

331 3559 428 3638 nunu
446 3546 472 3632 ²,
496 3543 603 3630 utque
635 3523 741 3597 etiam
779 3516 892 3592 multo
926 3517 1183 3620 desperatior-13
1217 3535 1331 3596 tamen

333 3663 456 3738 inanes
473 3681 548 3732 esse
565 3677 660 3728 mers
676 3648 810 3744 literas,
828 3670 933 3746 quum
952 3644 1080 3744 nullas,
1105 3645 1221 3718 tnalui.
1238 3647 1332 3744 Ego,

335 3791 363 3864 sl
390 3799 425 3862 te
449 3781 678 3883 intelligerem
702 3772 781 3877 plus
807 3783 973 3844 conamm
997 3799 1073 3846 esse
1090 3774 1266 3873 suscipere
1283 3773 1331 3846 rei

334 3911 497 4016 publicae
523 3933 627 3984 causa
651 3901 821 3999 muneris,
846 3923 950 4000 quam
969 3911 1137 4001 quesitum
1155 3913 1329 3999 praestare

333 4039 508 4142 potuisses
526 4037 556 4136 ³3
582 4047 717 4131 tumen,
743 4025 1019 4132 quibuscumque
1047 4025 1149 4099 rebus
1175 4051 1331 4126 possem,
