2910 4962
341 420 413 516 422
710 437 979 490 sonoras-rosas

382 567 429 606 res
450 565 519 606 suos
540 543 668 620 obtinuit
693 543 788 604 multo
815 553 883 604 ante
903 564 995 626 quam
1016 541 1128 604 tribum
1147 544 1347 626 profugissent

382 675 419 715 ex
440 653 530 733 urbe,
550 673 644 735 ιῙιιιιιη
664 651 774 714 scilicet
793 651 926 713 Ciliciam
945 652 1108 734 regendam
1130 655 1274 736 suscepit3
1293 675 1347 715 nec

381 783 432 824 eos
453 781 597 844 nmquam
619 759 735 821 dimisit

342 871 486 950 lltaliae
506 871 690 956 praefectum
711 891 757 954 ep.
780 853 951 930 CCClell
973 868 1095 952 aliisque
1115 890 1176 952 seq.

340 979 361 1043 5
381 979 476 1059 Quod
489 979 529 1040 ad
542 983 671 1064 primum
686 981 804 1060 attinet,
818 977 927 1038 Caesar
942 977 1083 1061 deceptus
1097 977 1160 1038 suit
1182 977 1257 1038 liam
1271 978 1346 1038 Cato

374 1091 411 1150 tin
431 1087 561 1150 lincam
581 1087 757 1171 profugerat
775 1085 870 1168 (Hirt.
890 1085 962 1146 Bell.
984 1084 1045 1146 afr.
1068 1105 1106 1146 aa
1129 1096 1159 1146 et
1178 1082 1243 1160 88).
1264 1085 1347 1146 Alter

382 1207 427 1260 est
439 1197 503 1282 illc,
518 1198 571 1282 qui
585 1193 723 1256 othonus
743 1215 789 1254 am
810 1196 963 1278 superiore
984 1193 1102 1255 Caesari
1123 1195 1251 1254 sanctius
1266 1215 1347 1254 aera·

381 1309 461 1367 rium
481 1303 641 1366 effractum
662 1305 784 1384 restitit3
805 1323 851 1385 ep.
873 1300 1033 1382 CCCLvl,
1055 1301 1082 1360 3.
1104 1301 1250 1382 Morgalt

342 1413 363 1476 6
383 1415 496 1497 Nempe
517 1414 683 1474 Caesarem.
703 1411 820 1471 Scbs'r'ta.

316 1549 318 1554 ·
343 1543 360 1602 7
381 1523 419 1582 D.
440 1519 591 1600 Laelium,
610 1518 843 1603 Pompeianum,
864 1519 916 1600 qui
928 1515 1054 1579 navibus
1067 1516 1200 1578 Asiaticis
1213 1516 1294 1577 bello
1308 1519 1345 1576 ci-

382 1628 432 1688 vili
457 1630 487 1688 in
514 1627 642 1688 Graecia
668 1625 857 1710 praebuerat3
882 1646 928 1708 cp.
956 1623 1238 1705 cccm1v‚n3
1263 1623 1343 1684 Caes

381 1736 454 1800 Bell.
475 1736 536 1796 civ.
558 1735 616 1817 111,
636 1733 670 1815 5,
690 1735 746 1818 do,
770 1753 835 1794 roo.
857 1732 916 1793 Ille
935 1729 1050 1805 edelric,
1071 1731 1131 1792 scil.
1152 1731 1307 1792 Antonius

341 1842 362 1907 8
383 1844 415 1906 Si
435 1846 488 1926 sic,
509 1842 662 1920 videlicet,
682 1843 828 1904 Antonius
852 1839 1002 1901 edixisset:
1029 1861 1068 1900 ex
1093 1839 1235 1900 omnibns
1260 1841 1345 1902 Pom·

381 1955 493 2036 peianis
513 1971 551 2012 ne
571 1953 620 2012 cui
640 1950 727 2012 liceat
747 1970 810 2010 csse
831 1951 862 2009 in
882 1948 982 2033 ltalia,
1001 1950 1056 2009 nisi
1076 1968 1207 2031 quorum
1228 1970 1345 2010 causam

382 2059 493 2120 Caesar
512 2061 698 2143 cognoverit,
719 2068 772 2119 aut
793 2056 831 2118 de
851 2055 961 2139 quibus
976 2057 1087 2118 Caesar
1099 2059 1256 2141 scripserit
1277 2059 1345 2138 Quo

383 2166 481 2229 edicto
501 2166 606 2226 Cicero
625 2187 686 2226 non
700 2166 885 2242 nominatus,
906 2185 940 2226 rc
959 2167 1022 2248 ipsa
1036 2175 1136 2226 tamen
1150 2177 1294 2249 exceptus
1306 2187 1346 2226 es·

382 2284 443 2356 set3
463 2277 487 2334 si
508 2271 629 2356 quidun
649 2271 823 2334 Dolabellae
843 2271 934 2334 literis
952 2273 1084 2333 Caesaris
1098 2276 1180 2334 iussu
1194 2273 1345 2346 confectis,

383 2383 414 2442 in
434 2382 549 2444 ltaliam
569 2391 700 2442 venerat
722 2379 839 2442 Manat.
861 2380 959 2462 Aliqui
980 2379 1067 2442 codd
1083 2391 1114 2442 et
1128 2381 1195 2442 edd.
1209 2404 1257 2443 res
1271 2382 1342 2468 ipsa.

342 2511 364 2575 9
383 2489 514 2568 Scilicet,
535 2490 781 2552 existimationem
802 2508 863 2548 non
884 2491 1025 2571 misisse,
1045 2509 1107 2550 non
1126 2509 1179 2550 eos
1199 2511 1218 2549 a
1239 2511 1293 2552 sua
1310 2490 1344 2550 de

382 2618 431 2658 mc
452 2599 591 2680 opinione
613 2594 754 2679 deceptos
773 2595 870 2657 fuisse.
896 2597 970 2658 Mox
989 2597 1065 2658 nihil
1089 2597 1202 2658 scilioet
1220 2598 1343 2679 glossam

383 2706 466 2787 sapit.

243 2863 246 2872 .
348 2831 382 2871 ro
402 2811 537 2871 Resumit
557 2809 694 2894 praeced.
716 2811 903 2872 sententiam:
925 2809 981 2872 red
998 2811 1120 2896 siquid
1138 2834 1185 2872 ms
1197 2813 1285 2878 dabit
1297 2815 1346 2876 tibi
1439 2853 1440 2856 =

372 2917 548 2998 facultatr‘s:
563 2915 616 2978 sed
630 2920 653 2978 si
668 2917 741 2999 quid
753 2929 787 2978 tu
800 2921 911 3002 poteris
924 2939 972 2978 me
986 2917 1146 3002 consolari,
1160 2943 1199 2982 ex
1211 2924 1261 3004 iis,
1272 2944 1345 3008 quac

383 3023 556 3086 aocidemnt
576 3027 697 3108 poteris.
727 3025 823 3104 Nam,
849 3039 883 3088 ut
907 3025 1044 3110 explanat
1066 3027 1238 3110 Manutius,
1268 3033 1345 3093 exim

380 3132 516 3217 Pompeii
537 3143 708 3217 perspecto,
734 3135 832 3195 minus
859 3133 1080 3218 reprehendor,
1106 3135 1189 3217 quod
1216 3159 1289 3200 cum
1312 3159 1344 3199 eo

375 3253 449 3325 post
474 3240 674 3302 Pharsalicam
697 3263 832 3324 pugnam
858 3241 990 3324 fugiente
1017 3243 1168 3326 proiectus
1196 3267 1259 3306 non
1286 3249 1343 3306 um.

383 3349 456 3410 Mox
476 3349 542 3411 cod.
565 3347 668 3412 ltmbr.
690 3345 710 3411 8
730 3363 760 3410 et
778 3351 834 3411 hoc
853 3373 882 3411 n.

347 3475 379 3517 tt
403 3455 507 3535 Quum
538 3457 711 3541 Pompeiani
743 3479 792 3519 me
822 3460 1033 3541 imperatorem
1067 3457 1210 3519 dixissent
1240 3461 1343 3544 (epist

382 3563 571 3645 cccxcvl,
595 3565 642 3645 s),
662 3573 696 3626 ut
716 3569 766 3648 qui
788 3564 855 3649 plus
876 3565 1015 3627 omnibus
1034 3567 1066 3626 in
1086 3565 1137 3626 illo
1157 3565 1239 3628 ballo
1260 3566 1343 3628 nidis·

380 3691 454 3734 scm.
480 3669 592 3734 Ernest.
620 3673 712 3733 Cuim
736 3675 780 3734 rei
806 3693 894 3734 causa
920 3673 978 3733 fuit
1002 3671 1085 3756 quod
1110 3685 1192 3736 recte
1216 3673 1344 3736 saccum

380 3798 443 3840 non
467 3778 591 3840 videbar
616 3781 639 3840 si
663 3777 878 3864 rempublicam
905 3779 1123 3842 desuadendam
1143 3781 1342 3844 Barbarontm

379 3883 493 3946 masiliis
512 3885 680 3970 (significat
700 3889 859 3972 praedpue
879 3887 985 3950 lubam
1006 3889 1204 3952 Mauritanim
1225 3885 1343 3970 regem)

381 3992 576 4058 ardidim
597 3993 690 4058 abest
709 4015 804 4076 quam
823 3997 853 4056 in
873 3995 956 4056 libris
975 3993 1163 4078 quibusdam.
