2900 4962
337 432 404 524 ¹4²
644 445 815 496 rrrsrota
838 449 1002 498 cnxxxrr.
1113 445 1144 496 t.
1161 449 1194 496 v.
1212 449 1242 500 u.
1260 464 1306 511 ,ιη

331 555 444 652 ribus,
468 567 504 626 et
536 553 695 626 fortunae
727 577 834 624 meae.
867 551 979 624 Huius
1013 552 1233 653 propinquus
1268 555 1334 627 luit

333 684 373 755 T.
399 681 586 781 Antistium
617 681 677 783 qui
709 705 819 781 quum
850 692 944 752 sorte
974 680 1332 780 quaestorMacedo-

331 809 425 882 niam
451 807 642 906 obtineret,
670 833 783 907 neque
809 807 841 879 ei
865 831 1064 882 successum
1089 820 1198 905 esset,
1222 809 1332 880 Pom·

330 937 429 1036 peius
453 936 490 1009 in
512 961 589 1008 eam
607 934 825 1035 provinciam
842 960 924 1006 eum
940 932 1093 1005 exercitu
1110 934 1209 1008 venit
1223 952 1248 1004 ⁷.
1266 933 1332 1006 Fa-

330 1087 408 1136 cere
425 1061 596 1136 Antistius
611 1060 699 1134 nihil
715 1060 849 1162 potuit:
876 1083 975 1159 nam,
991 1061 1020 1132 si
1037 1059 1226 1159 potuisset,
1244 1059 1330 1132 nihil

261 1271 264 1278 ¹
329 1189 361 1260 ei
377 1188 499 1262 luisset
515 1189 703 1290 antiquius,
719 1213 827 1288 quam
850 1184 898 1261 ad
922 1185 1149 1287 Capitonem,
1166 1209 1272 1286 quem
1291 1199 1329 1257 nt

326 1329 509 1418 parentem
528 1313 706 1418 diligebat,
722 1313 851 1390 reverti
863 1316 895 1414 ³3
911 1313 1116 1415 praesertim
1133 1337 1243 1414 quum
1261 1313 1328 1385 sci-

328 1455 395 1544 ret,
412 1441 533 1544 qua'uti
549 1442 578 1513 is
595 1441 781 1516 Caesarem
796 1440 940 1542 faceret,
956 1465 1163 1542 semperque
1178 1439 1327 1512 fecisset.

326 1566 397 1643 seu
422 1593 610 1667 oppressus
627 1585 655 1666 9,
677 1581 816 1646 tentum
841 1569 955 1668 attigit
979 1569 1132 1672 negotii,
1157 1580 1326 1667 quantum

327 1715 485 1768 recusare
501 1719 575 1768 non
598 1694 724 1794 potuit
750 1695 871 1788 Quum
888 1696 1082 1792 signaretur
1096 1709 1125 1745 ¹⁰
1143 1708 1327 1793 argentum

326 1819 550 1920 Apolloniae,
576 1845 649 1894 non
674 1845 821 1921 possum
847 1821 980 1921 dicere,
1005 1847 1087 1894 eum
1119 1820 1327 1922 praefuisse,

326 1956 439 2048 'neque
456 1974 600 2048 possum
617 1973 743 2052 negare
769 1948 925 2046 affuisse,
950 1947 1014 2020 sed
1037 1971 1110 2020 non
1136 1945 1215 2046 plus
1240 1946 1325 2020 duo-

325 2064 407 2172 hus,
433 2099 477 2146 an
497 2089 525 2126 ¹¹
554 2073 663 2149 tribus
695 2074 884 2148 mensibus.
916 2073 1053 2149 Deinde
1086 2073 1197 2146 abluit
1222 2099 1328 2166 aea·

325 2199 404 2272 stris
420 2217 464 2273 ¹²:
482 2200 569 2302 sugit
586 2227 690 2276 omne
715 2203 905 2302 negotium.
930 2201 1010 2278 Hoc
1036 2198 1138 2300 mihi,
1163 2215 1205 2272 ut
1232 2200 1329 2298 testi,

325 2325 430 2400 ‚velim
456 2327 587 2404 credas.
613 2329 730 2404 Meam
755 2328 850 2408 enirn
875 2325 934 2410 ille
959 2327 1170 2404 moestitiam
1195 2328 1232 2400 in
1265 2325 1327 2399 illo

322 2451 416 2530 bello
432 2453 584 2555 videbat,
601 2481 740 2532 mecum
754 2456 873 2536 omnia
890 2452 1182 2541 communicabat
1201 2455 1326 2556 Itaque

324 2579 461 2656 abdidit
478 2583 570 2658 sein
594 2585 755 2657 intimam
771 2581 1036 2680 Maeeduuiam,
1060 2605 1132 2683 quo
1151 2580 1180 2632 ¹³
1207 2580 1327 2680 potuit

324 2706 522 2805 longissime
548 2735 569 2781 a
594 2711 734 2809 castris,
758 2735 832 2784 nou
857 2709 966 2784 modo
990 2722 1032 2780 ut
1055 2733 1128 2782 non
1148 2721 1325 2808 praeesset

323 2827 384 2943 ulli
409 2835 578 2930 negotiop
599 2834 662 2907 sed
691 2836 796 2908 etiam
829 2849 870 2907 ut
894 2861 940 2908 ne
962 2837 1148 2909 interesset
1172 2835 1323 2935 quidem.

323 2957 357 3055 ίΙε
383 2971 466 3055 post
490 2955 662 3064 proelium
680 2959 711 3025 ¹4
736 2987 773 3033 se
799 2961 846 3043 ad
871 2961 1051 3036 homiuem
1072 2963 1324 3057 necessarium,

322 3085 362 3159 A.
379 3084 573 3182 Plautium,
588 3086 626 3160 iu
641 3085 844 3186 Bithyniam
872 3087 1031 3164 contulit.
1056 3085 1111 3161 Ibi
1137 3113 1217 3160 eum
1235 3088 1323 3160 Cae·

320 3237 378 3287 aar
408 3239 517 3314 quum
541 3213 703 3310 vidisset,
727 3213 814 3290 nihil
839 3241 977 3316 aspere,
1002 3215 1091 3292 nihil
1116 3213 1241 3292 acerbe
1269 3213 1323 3290 di·

320 3340 386 3410 xit:
412 3340 558 3412 Romam
585 3341 685 3414 iussit
710 3342 838 3416 venire.
864 3341 927 3418 Ille
953 3346 990 3418 in
1016 3341 1180 3422 morbum
1205 3344 1322 3419 couti·

319 3465 545 3567 nuoincidit3
561 3493 605 3540 ex
621 3493 692 3570 quo
709 3492 784 3541 non
801 3468 988 3542 convaluit
1002 3473 1115 3568 Aeger
1128 3471 1320 3568 Corcyram

320 3595 430 3693 venit3
454 3593 505 3667 ibi
529 3611 582 3669 est
606 3609 773 3669 mortuus.
798 3595 1026 3670 Testamenta
1033 3652 1044 3694 ‚
1066 3595 1162 3698 quod
1186 3595 1319 3668 Romae

318 3719 441 3795 Paullo
467 3737 503 3795 et
527 3719 694 3798 Marcello
712 3721 914 3798 consulibus
930 3726 963 3775 ¹⁵
989 3723 1131 3820 lecerat,
1156 3721 1259 3794 heres
1277 3747 1319 3792 ex

320 3862 419 3942 parte
437 3849 580 3923 dimidia
606 3865 642 3924 et
668 3851 771 3924 tertia
789 3853 820 3903 ¹⁶
845 3865 899 3924 est
924 3851 1069 3951 Capito:
1096 3848 1132 3921 in
1157 3861 1317 3922 sextante

320 3985 402 4044 suut
425 3975 469 4073 ii,
496 4003 644 4077 quorum
676 4004 775 4079 pars,
806 3979 880 4054 sine
906 3977 975 4054 ulla
1001 3979 1205 4079 cuiusquam
1232 4003 1316 4078 que-
