2898 4956
334 433 401 529 196
687 443 853 492 nrrsroua
879 445 953 492 con.
1108 442 1139 514 r.
1158 445 1191 492 ν,
1209 445 1237 492 c„
1256 459 1302 508 ,η

328 554 492 628 videntur
517 551 588 624 vim
612 548 750 623 virtutis
776 561 893 618 tenere
907 561 949 644 ²7,
973 543 1059 618 nihil
1084 571 1160 621 esse
1185 549 1325 648 sapien·
1441 541 1442 552 ἢ

327 669 371 754 tis
401 691 599 781 praestare,
635 675 701 748 nisi
739 672 880 773 culpam
896 673 946 770 ¹⁸5
982 697 1051 773 qua
1083 671 1171 744 mihi
1201 673 1327 748 videor

328 805 513 907 dupliciter
537 827 674 877 carere:
699 815 736 874 et
760 799 858 902 quod
884 823 923 872 ea
950 799 1134 898 senserim,
1159 825 1250 900 quae
1277 825 1328 873 re

327 934 479 1006 ctissima
505 932 702 1028 fuerunt²95
720 941 757 1000 et
778 924 890 1028 quod,
908 953 1015 1027 quum
1042 923 1199 998 viderem
1225 951 1329 1027 prae·
1441 923 1442 992 Ῐ

327 1059 424 1132 sidiis
449 1084 522 1132 non
548 1059 630 1131 satis
655 1081 730 1130 esse
753 1053 798 1128 ad
819 1080 859 1126 ea
878 1051 1087 1150 obtinenda,
1105 1051 1239 1126 viribus
1258 1080 1331 1125 cer-

327 1186 475 1260 tandum
501 1213 581 1258 eum
606 1181 856 1258 valentioribus
883 1206 954 1254 non
982 1179 1145 1277 putarim.
1172 1181 1268 1278 Ergo
1294 1180 1332 1252 iu

329 1313 444 1393 officio
469 1311 554 1386 boni
579 1311 664 1383 civia
690 1322 784 1382 certe
808 1311 882 1382 non
908 1332 984 1378 sum
1007 1303 1331 1406 reprehendendus.

329 1439 512 1539 Reliquum
549 1453 623 1537 est,
656 1463 701 1512 ne
736 1437 821 1538 qnid
855 1435 984 1536 stulte,
1018 1434 1175 1536 nequid
1201 1449 1332 1509 temere
1441 1481 1442 1520 r

331 1564 446 1636 dicam
471 1578 531 1636 aut
555 1565 679 1636 faciam
696 1565 726 1612 ³⁰
755 1577 876 1635 contra
908 1575 1081 1662 potentes.
1114 1561 1158 1634 Id
1192 1585 1332 1664 quoque
1441 1565 1442 1608 ³

329 1703 419 1790 puto
444 1713 517 1762 esse
543 1691 717 1792 sapientis.
744 1690 869 1772 Cetera
890 1713 989 1786 vero,
1007 1685 1092 1790 quid
1109 1688 1256 1789 quisque
1277 1713 1329 1760 me

332 1813 457 1889 dixisse
491 1815 645 1915 dicat³¹‚
679 1830 740 1889 aut
774 1813 952 1916 quomodo
984 1813 1042 1886 ille
1068 1814 1240 1914 accipiat,
1275 1829 1333 1886 aut
1441 1831 1442 1836 ’

332 1969 401 2042 qua
425 1941 494 2016 fide
520 1969 657 2016 mecum
680 1945 805 2025 uiuant
831 1943 873 2038 ii,
890 1943 949 2042 qni
968 1967 1024 2014 me
1050 1939 1187 2014 assidue
1213 1939 1334 2012 colunt

329 2080 368 2138 et
393 2066 605 2166 observant,
636 2082 814 2170 praestare
849 2093 922 2147 nou
952 2093 1104 2167 possum.
1129 2068 1184 2140 Ita
1211 2069 1272 2167 fit,
1297 2083 1335 2141 ut
1441 2089 1442 2092 ’

333 2207 369 2266 et
394 2193 618 2268 consiliorum
650 2194 871 2294 superiorum
903 2195 1141 2291 conscientia,
1173 2208 1209 2266 et
1234 2221 1335 2294 prae·

333 2323 439 2394 sentis
465 2322 633 2422 temporis
659 2319 900 2394 moderatione
919 2345 975 2392 me
992 2319 1169 2418 consoler3
1187 2335 1223 2392 et
1240 2319 1335 2393 illam

332 2449 429 2520 Accii
455 2448 718 2522 similitudinem
745 2447 851 2520 modo
878 2471 951 2520 non
975 2447 1045 2518 iam
1076 2444 1121 2518 ad
1146 2446 1333 2547 iuvidiam,
1441 2455 1442 2520 i

333 2573 395 2645 sed
420 2573 467 2645 ad
491 2574 668 2648 fortunam
695 2571 953 2672 transferam³²,
972 2597 1076 2674 quam
1103 2573 1266 2646 existimo
1291 2573 1335 2645 le·

332 2725 413 2771 vem
438 2713 474 2771 et
497 2701 725 2799 imbecillam,
743 2714 787 2772 et
813 2699 857 2772 ab
884 2700 1001 2771 animo
1015 2699 1046 2748 ³³
1074 2699 1174 2770 firmo
1201 2714 1238 2772 et
1259 2727 1333 2800 gra·

333 2825 391 2922 vi,
428 2838 607 2926 tamquam
643 2825 791 2899 fluctum
827 2853 847 2899 a
879 2851 985 2923 saxo,
1019 2824 1131 2924 frangi
1161 2841 1332 2927 oportere.

329 2949 476 3023 Etenim
500 2978 610 3050 quum
635 2951 740 3052 plena
765 2953 836 3026 sint
861 2966 1088 3026 monumenta
1107 2953 1334 3052 Graecorum,

325 3075 629 3174 ,quemadmodum
647 3080 893 3181 sapientissimi
913 3080 975 3152 uiri
993 3105 1098 3177 regna
1117 3079 1263 3154 tulerint
1279 3081 1333 3154 vel

332 3201 496 3310 Athenis,
521 3203 576 3276 vel
593 3204 836 3305 ‘Syracusis³4‚
853 3232 980 3307 quum,
1003 3206 1238 3280 servientibus
1265 3209 1332 3280 suis

335 3320 549 3430 civitatibus,
574 3325 702 3407 suerint
726 3334 795 3434 ipsi
820 3331 974 3434 quodam
1000 3330 1109 3405 modo
1133 3331 1252 3406 liberi:
1271 3357 1333 3432 ego

335 3477 391 3526 me
416 3481 489 3530 non
513 3470 634 3558 putem
661 3462 749 3534 tueri
775 3485 893 3533 meum
918 3471 1048 3532 statum
1073 3457 1123 3530 sic
1147 3484 1272 3559 posse,
1295 3473 1333 3532 ut

335 3607 448 3684 neque
473 3583 648 3660 offendam
674 3588 828 3659 animum
853 3586 1075 3685 cuiusquam,
1088 3607 1157 3658 -nec
1174 3583 1331 3686 frangam

338 3706 541 3806 dignitatem
566 3712 701 3785 meam?

387 3859 407 3904 2
433 3835 536 3912 Nunc
562 3839 667 3913 venio
692 3835 738 3910 ad
762 3836 955 3911 iocationes
979 3849 1071 3935 tuae,
1088 3839 1233 3938 quando
1247 3843 1278 3891 ³⁵
1295 3855 1330 3912 tu

335 3961 525 4040 seeundum
551 3967 772 4042 Oenomaum
795 3965 826 4014 ³⁶
852 3963 948 4036 Accii
957 4019 967 4062 ,
991 3989 1081 4064 non,
1109 3980 1149 4038 ut
1177 3967 1264 4041 olim
1280 3989 1328 4040 so

777 4079 784 4111 Ι
