2900 4962
318 451 388 547 rio
639 479 809 532 rrrarou
835 482 994 534 cnrxrrr.
1094 481 1124 530 r.
1141 485 1175 532 v.
1194 487 1222 532 c.
1240 495 1285 548 70⁷

539 708 592 760 Srr.
611 707 705 760 Rornae
723 709 796 765 initio
814 709 844 762 Δ.
863 709 943 793 Vns.
962 707 1089 762 occvn.

513 899 556 962 Μ.
580 900 615 961 Τ.
640 897 785 963 CICERO
809 899 844 962 L.
868 897 1056 963 Pttncw
1082 900 1111 962 S

363 1085 445 1161 Non
470 1086 611 1186 dubito,
637 1087 721 1188 quin
746 1087 853 1186 scias,
877 1090 915 1159 in
939 1087 981 1160 iis
1006 1089 1226 1188 necessariis,
1251 1091 1309 1192 qui

314 1212 378 1286 tibi
396 1240 415 1286 a
434 1227 533 1314 patre
549 1211 660 1286 relicti
678 1227 759 1286 sunt
771 1229 796 1313 ¹,
812 1239 870 1286 me
894 1212 960 1286 tibi
988 1239 1063 1286 esse
1087 1213 1143 1287 rel
1168 1217 1309 1289 coniun-

314 1341 523 1440 ctissimum,
547 1363 621 1411 non
646 1337 700 1411 bis
732 1339 841 1412 modo
875 1340 1005 1437 causis,
1038 1364 1126 1441 qnae
1158 1342 1308 1440 speciem

311 1467 467 1540 habeant
482 1490 628 1563 magnae
645 1465 919 1564 coniunctionis,
941 1465 1005 1538 sed
1021 1467 1063 1540 iis
1080 1468 1201 1567 etiam,
1222 1494 1309 1570 quac

312 1592 543 1668 familiaritate
569 1605 605 1664 et
626 1591 879 1683 consuetudine
896 1607 1061 1667 tenentur
1073 1595 1102 1666 ³:
1120 1621 1226 1695 qnam
1243 1595 1308 1668 scia

311 1718 398 1794 mibi
423 1717 708 1796 iucundissimam
733 1745 813 1792 cum
846 1735 947 1822 patre
972 1734 1053 1819 tuo,
1078 1733 1113 1794 et
1137 1747 1308 1797 summam

309 1845 424 1920 titisse.
449 1844 505 1918 Ab
523 1844 577 1917 bis
589 1845 711 1917 initiis.
725 1859 846 1920 noster
868 1848 906 1918 in
933 1860 968 1920 te
994 1870 1092 1920 amor
1109 1846 1308 1946 profectur,

311 1973 408 2045 anxit
432 1986 615 2072 paternam
631 1972 941 2072 necessitudinem>
959 1987 995 2046 et
1010 1972 1196 2071 eomagis,
1212 1973 1308 2074 quod

309 2095 483 2196 intellexi,
507 2111 548 2169 ut
573 2099 724 2198 primum
749 2124 814 2198 per
839 2111 989 2170 aetatem
1012 2098 1180 2171 iudicium
1196 2097 1308 2172 facere

310 2221 467 2325 potueris
500 2225 620 2326 quanti
655 2225 800 2328 quisque
826 2223 890 2297 tibi
916 2224 1094 2299 sariendus
1120 2237 1226 2323 esset,
1251 2249 1306 2296 me

310 2378 332 2426 a
357 2365 392 2426 te
417 2351 456 2426 in
478 2353 602 2454 primis
617 2365 794 2454 'coeptum
819 2377 894 2426 esse
927 2349 1122 2454 observari²
1147 2349 1230 2450 coli,
1256 2349 1306 2422 di·

307 2477 377 2579 ligi.
401 2477 604 2564 Accedebat
628 2505 700 2566 non
720 2477 896 2570 mediocre
914 2478 1094 2562 vinculum
1112 2505 1219 2582 quom
1237 2491 1305 2552 stu·

309 2605 469 2704 diorum,
494 2607 596 2708 quod,
622 2609 738 2706 ipsum
770 2619 824 2680 est
848 2625 912 2705 per
937 2631 974 2680 se
1001 2629 1122 2704 grave,
1145 2619 1223 2678 tum
1247 2629 1306 2678 eo-

306 2752 386 2802 rum
416 2733 628 2828 studiorum,
661 2757 849 2832 earumque
882 2733 1027 2828 artium,
1059 2755 1148 2832 qnae
1180 2757 1245 2829 per
1268 2754 1304 2802 se

305 2855 402 2956 ipsae
419 2855 437 2920 4
455 2833 537 2956 eos,
559 2859 621 2956 ¹qui
648 2854 830 2929 voluntate
854 2856 978 2930 eadem
1005 2870 1104 2954 sunt,
1127 2857 1233 2928 etiam
1258 2855 1303 2930 fa·

303 2979 502 3054 miliaritate
520 2981 733 3056 devinciunt.
751 2979 966 3084 Exspectare
984 2996 1018 3054 te
1036 2979 1203 3080 arbitror,
1218 2982 1303 3056 baec

306 3124 378 3206 tam
402 3108 506 3210 longe
531 3108 679 3219 repetita
697 3111 871 3212 principia
888 3136 959 3212 quo
977 3123 1146 3210 spectent
1172 3106 1214 3183 ld
1233 3109 1301 3210 pri-

305 3265 403 3312 mum
426 3263 516 3336 ergo⁴
529 3235 680 3335 ,lnbeto²
696 3263 769 3336 non
786 3239 860 3312 sinc
877 3263 1009 3342 magna
1021 3239 1182 3342 iustaque
1199 3261 1302 3310 cansa

305 3363 397 3438 banc
414 3389 434 3436 a
451 3389 508 3436 me
525 3365 892 3438 commemorationem
905 3389 980 3436 esse
994 3363 1130 3437 laetam.
1148 3365 1185 3437 C.
1198 3365 1300 3438 Ateio

305 3490 478 3594 Capitone
503 3505 583 3564 utor·
607 3490 877 3563 familiarissime.
903 3489 1017 3562 Notae
1042 3489 1107 3562 tibi
1133 3503 1217 3562 sunt
1241 3517 1299 3562 va·

305 3617 444 3691 rietates
461 3643 617 3719 meorum
635 3631 843 3733 temporum.
870 3617 912 3690 In
931 3615 1027 3688 omni
1045 3641 1170 3714 genere
1188 3629 1225 3688 et
1241 3616 1300 3689 ho

303 3765 429 3817 norum
453 3759 489 3817 et
512 3743 705 3848 laborum⁵
732 3766 905 3838 meorum,
930 3756 966 3812 ct
992 3742 1143 3840 animus,
1161 3754 1197 3814 et
1215 3767 1299 3842 ope-

303 3891 358 3962 ra,
383 3865 418 3940 et
450 3873 654 3970 auctoritas,
680 3882 714 3940 et
741 3867 866 3966 gratia,
898 3867 1004 3938 etiam
1036 3891 1089 3940 res
1123 3865 1299 3940 familiaris

302 3988 342 4061 C.
367 3993 550 4093 Capitonis
584 4011 724 4095 praesto
758 3993 839 4090 luit,
865 4006 901 4065 et
925 3993 1071 4091 patuit⁶
1097 4007 1133 4065 et
1162 4008 1299 4094 tempo·
