2910 4954
320 413 392 516 296
628 433 797 484 arrarum
823 436 991 486 cucxxrrr.
1097 434 1177 487 nv.
1197 439 1291 502 um

318 541 417 616 cilios
443 550 552 631 (vere
578 551 619 612 ut
643 538 758 649 dicam
773 551 803 639 )‚
828 541 972 614 Crassos
1002 563 1142 642 quoque
1167 553 1205 614 et
1228 541 1319 616 Lae-

315 668 385 744 lios
407 666 528 744 ridere
552 667 727 742 videor10.
744 667 891 766 Moriar,
907 668 955 765 si,
974 681 1113 768 praeter
1129 681 1182 768 te,
1198 695 1320 770 quem·

316 819 422 898 quam
447 792 618 897 reliquum
643 792 778 892 babeo,
812 795 850 865 in
875 819 946 896 qno
972 794 1105 894 possim
1129 794 1319 893 imaginem

316 921 480 1024 antiquae
504 934 541 995 et
565 919 772 995 vernaculae
803 918 1000 993 festivitatis
1034 944 1231 1019 agnoscere.
1257 921 1318 996 dd

316 1047 382 1124 bos
406 1047 545 1150 lepores
570 1071 678 1150 quum
704 1071 803 1122 amor
828 1071 908 1144 erga
934 1071 989 1118 mc
1016 1059 1135 1120 tantus
1153 1045 1319 1148 accedat,

317 1175 470 1275 miraris,
502 1201 559 1248 me
593 1187 691 1248 tanta
719 1171 982 1276 perturbatione
1011 1171 1212 1246 valitudinis
1236 1186 1319 1248 tuae

318 1316 391 1376 tam
417 1303 569 1401 graviter
592 1301 828 1374 exanimatum
852 1298 978 1372 luisse?

368 1455 390 1502 a
417 1426 526 1522 Quod
551 1441 669 1500 autem
694 1425 801 1500 altera
828 1425 976 1527 epistola
1009 1450 1137 1526 purgas
1162 1437 1222 1526 te,
1245 1450 1320 1502 non

319 1550 552 1627 dissuasorem
586 1553 673 1626 mibi
705 1553 867 1626 emtionis
901 1549 1154 1653 Neapolitanae
1192 1551 1322 1656 fuisse,

317 1680 381 1754 sed
406 1693 585 1756 auctorem
609 1679 861 1756 moderationis
876 1694 904 1730 ¹¹
930 1677 1100 1779 urbanae3
1122 1705 1237 1782 neque
1253 1705 1320 1780 ego

318 1805 419 1882 aliter
443 1809 574 1910 accepi.
598 1805 759 1882 Intellexi
784 1819 903 1882 tamen
926 1806 1039 1906 idem,
1062 1806 1162 1908 quod
1186 1806 1240 1880 bis
1265 1809 1322 1882 in·

319 1933 438 2033 telligo
462 1932 589 2031 literis,
613 1958 688 2008 nou
712 1934 925 2008 existimasse
950 1945 1005 2032 te,
1026 1932 1113 2006 mibi
1137 1932 1260 2033 licere,
1283 1935 1323 2009 id

320 2059 417 2164 qnod
441 2084 507 2158 ego
533 2059 744 2160 arbitrabar,
762 2085 818 2134 res
842 2059 906 2133 has
925 2074 955 2111 ¹²
981 2083 1054 2132 non
1079 2061 1227 2134 omnino
1245 2063 1322 2163 qui·
1435 2157 1436 2160 Ἴ

320 2183 420 2286 dem,
444 2184 509 2259 scd
534 2211 698 2284 magnam
723 2197 860 2286 partem
885 2185 1088 2288 relinquere.
1114 2185 1281 2260 Catulum
1292 2191 1323 2240 ¹³
1435 2179 1436 2186 ἵ

317 2312 405 2386 mibi
429 2337 566 2413 narres,
590 2325 628 2385 et
651 2311 710 2385 illa
736 2324 904 2413 tempora.
941 2311 1038 2404 Quid
1070 2312 1202 2386 similel
1222 2314 1252 2381 ¹⁴
1276 2339 1321 2387 ne

317 2440 369 2514 mi
393 2437 537 2541 quidem
560 2437 629 2540 ipsi
654 2452 739 2512 tunc
764 2435 928 2540 placebat
961 2437 1091 2513 diutius
1128 2439 1252 2513 abesse
1277 2439 1320 2513 ab

318 2568 370 2642 rei
395 2566 558 2668 publicae
583 2566 752 2642 custodia.
778 2566 993 2641 Sedebamus
1017 2547 1112 2641 euim
1135 2569 1174 2641 in
1189 2569 1322 2670 puppi,

319 2705 357 2764 ct
382 2693 522 2767 clavum
546 2694 762 2768 tenebamus.
786 2693 889 2768 Nunc
907 2707 1025 2768 autem
1041 2695 1101 2770 vix
1117 2709 1172 2768 est
1187 2697 1228 2770 in
1243 2721 1322 2770 sen·
1434 2762 1435 2800 r

318 2818 393 2891 tina
417 2815 526 2892 locus.
550 2820 608 2892 An
633 2821 749 2893 minus
773 2818 884 2895 multa
908 2835 1049 2895 senatus
1083 2823 1246 2898 consulta
1270 2825 1321 2898 fn·

319 2953 398 3016 tura
429 2957 556 3046 putas,
593 2945 624 3016 si
655 2969 720 3042 ego
753 2947 820 3018 sim
845 2945 1014 3048 Neapoli?
1047 2951 1181 3022 Romae
1212 2977 1320 3053 quum

319 3097 414 3170 suin,
430 3081 467 3145 et
480 3095 599 3174 'urgeo
624 3069 739 3144 lorum
752 3071 792 3170 ¹⁵,
811 3087 952 3148 senatus
978 3074 1139 3148 consulta
1164 3075 1321 3150 scribun-

317 3214 376 3272 tur
408 3195 505 3300 apud
536 3209 729 3274 amatorem
760 3212 861 3274 tuum
881 3203 921 3300 ¹⁶,
952 3200 1158 3276 familiarem
1190 3229 1318 3277 meum.

317 3325 366 3398 Et
390 3323 534 3426 mudena
559 3351 669 3428 quum
696 3327 735 3402 in
763 3341 918 3402 mentem
944 3328 1062 3425 venit,
1094 3353 1213 3431 ponor
1240 3355 1321 3404 aur.

318 3467 477 3526 scnrustt:
503 3463 540 3526 et
563 3465 645 3528 ante
670 3452 777 3528 audio
802 3467 943 3528 senatus
969 3453 1171 3530 consultum
1196 3458 1234 3530 in
1256 3460 1318 3532 Ar·
1432 3523 1433 3538 2

318 3580 472 3659 menium
495 3593 533 3654 ct
557 3578 694 3680 Syriam
720 3605 795 3654 esse
819 3579 1011 3682 perlatum,
1036 3581 1134 3684 quod
1150 3583 1189 3656 in
1205 3609 1318 3658 meam

319 3707 529 3780 sententiam
561 3706 692 3780 factum
730 3731 806 3780 esse
843 3707 999 3808 dicatur,
1033 3735 1140 3810 quem
1173 3711 1319 3784 omnino

319 3831 534 3906 mentionem
558 3832 666 3907 ullam
691 3833 736 3907 de
761 3859 801 3906 ea
825 3859 864 3908 re
889 3861 964 3909 esse
989 3835 1119 3910 luctam
1137 3837 1177 3909 ¹⁸.
1203 3839 1318 3940 Atque
1431 3903 1432 3910 ,

320 3953 390 4030 boc
414 3957 526 4036 nolim
548 3985 607 4036 me
630 3961 736 4038 iocari
763 3974 875 4062 putes.
900 3961 991 4036 Nam
1008 3961 1109 4062 mibi,
1126 3965 1230 4065 scito,
1249 3964 1318 4041 iam
