2792 4948
692 497 866 550 nrtsrou
891 501 925 548 n.
1091 499 1122 548 h.
1140 501 1174 550 V.
1192 503 1223 550 c.
1242 513 1288 562 Μ

583 723 637 778 su.
655 725 753 796 nomas
770 727 799 781 a.
818 725 851 780 v.
869 726 899 782 c.
918 724 1046 779 nccvu.

437 915 482 981 tt.
507 915 544 980 T.
569 912 716 980 CICERO
739 913 876 980 acttto
901 901 1016 980 Phoe.
1039 917 1071 980 S.
1095 915 1129 980 P.
1152 917 1190 980 D.

359 1108 404 1182 In
428 1101 594 1200 Halesina
620 1103 785 1202 civitate,
817 1115 891 1176 mm
920 1100 1016 1177 lauta
1034 1119 1059 1202 ¹,
1083 1116 1225 1206 tamque
1248 1130 1309 1180 no·

309 1232 392 1332 hili,
417 1229 725 1306 coniunctissimos
757 1225 873 1302 haheo
907 1241 944 1302 et
974 1228 1130 1329 hospitio
1155 1244 1192 1305 et
1215 1229 1308 1304 fami·

310 1361 461 1434 liaritate
485 1359 533 1432 tt.
559 1369 596 1430 et
620 1357 659 1432 C.
684 1355 849 1458 Clodios,
872 1354 1153 1456 Archagathum,
1175 1371 1215 1430 et
1229 1357 1308 1432 Phi·

309 1485 429 1561 lonem
445 1500 471 1557 ².
508 1482 579 1557 Sed
610 1508 757 1584 vereor,
792 1507 859 1583 ne,
897 1483 980 1585 quia
1016 1483 1214 1585 complures
1248 1483 1307 1558 tihi

309 1611 500 1714 praecipue
523 1607 752 1710 commendo,
775 1633 968 1710 exaequare
984 1609 1107 1684 videar
1122 1607 1307 1686 ambitione

309 1737 463 1842 quadam
490 1734 817 1811 commendationes
842 1761 939 1810 meas
952 1737 977 1810 ³.
999 1737 1225 1838 Quamquam
1240 1763 1260 1810 a
1274 1751 1307 1811 ta

311 1863 453 1968 quidem
479 1860 655 1937 cumulate
680 1863 807 1936 satisfit
831 1861 994 1964 etmihi,
1026 1877 1063 1935 et
1086 1863 1175 1936 meis
1200 1863 1306 1936 omni-

306 1989 383 2064 hus.
409 1979 480 2064 Sed
504 1989 610 2068 velim
636 1990 686 2064 sic
713 1987 909 2089 existimes,
942 1984 1034 2062 hanc
1068 1987 1250 2090 familiam,
1272 2001 1306 2062 et

306 2115 402 2190 host
426 2116 511 2222 mihi
538 2115 688 2190 maxime
714 2143 790 2192 esse
816 2117 1024 2191 coniunctos
1051 2129 1241 2216 vetustate,
1260 2113 1304 2190 oi

307 2243 413 2343 ficiis,
436 2240 684 2319 benivolentia.
710 2242 952 2338 Quamobrem
977 2256 1062 2344 peto
1087 2269 1108 2318 a
1133 2255 1171 2316 te
1186 2243 1225 2318 in
1239 2267 1304 2316 ma·

306 2371 419 2445 iorem
442 2368 589 2444 modum
595 2423 607 2471 ,
621 2371 690 2444 ut⁵
708 2369 781 2470 his,
805 2369 969 2446 omnihus
994 2371 1031 2444 in
1055 2367 1178 2470 rebus,
1203 2393 1304 2471 quan·

306 2511 382 2571 tum
407 2511 468 2571 tua
493 2493 582 2571 fldes
599 2495 828 2600 dignitasque
845 2497 1017 2598 patietur,
1034 2491 1301 2572 oommodes.1d
1394 2527 1395 2579 t

305 2625 335 2697 si
362 2623 505 2724 seceris,
530 2625 597 2698 etit
621 2619 707 2700 mihi
733 2623 1039 2699 vehementissime
1065 2637 1209 2724 gratum

671 2961 675 2972 ,
730 2879 830 2996 ,ffl-
1006 2917 1271 2978 (samarium)
1391 2877 1392 2903 ¹

304 3052 523 3132 Argestaeum.
545 3055 669 3116 Nasonis
691 3055 814 3116 tiber-tos
835 3068 865 3120 et
885 3059 1007 3138 negotia
1026 3052 1221 3121 manendo

575 3261 628 3314 Scr.
648 3261 743 3315 homae
762 3263 792 3314 Δ.
809 3263 841 3317 V.
858 3263 887 3314 C.
906 3259 1034 3317 DCCVH.

428 3449 471 3510 M.
496 3449 532 3512 T.
555 3450 702 3547 ¹ClCEhO
726 3448 861 3549 actito
886 3447 999 3515 PROC.
1024 3447 1056 3518 S.
1081 3447 1115 3512 Ρ.
1139 3447 1177 3512 D.

352 3637 416 3714 Cn.
450 3637 602 3725 Otacilio
634 3639 775 3716 Nasone
812 3653 895 3730 utor
930 3635 1212 3733 familiarissime,
1240 3629 1285 3708 iu

301 3785 462 3862 prorsus,
486 3778 527 3838 ut
551 3763 641 3839 illius
667 3765 800 3846 ordinis
814 3761 951 3867 ¹,nullo
976 3755 1287 3842 familiariorum

302 3901 339 3960 et
363 3887 579 3965 humanitate
604 3893 695 3992 eius,
720 3905 757 3966 et
780 3889 958 3993 probitate
981 3891 1019 3963 in
1047 3881 1286 3966 consuetudine

303 4014 505 4114 quotidiana
539 4045 751 4120 magnopere
785 4016 948 4097 delector.
982 4015 1078 4092 Nihil
1109 4016 1178 4092 iam
1206 4029 1288 4114 oput
