2906 4950
525 379 564 428 us
589 377 778 428 arreroats
1089 361 1160 468 575

201 503 285 561 rum,
306 479 466 544 diudicere.
487 479 547 541 Nos
567 481 685 542 interim
709 478 783 540 illud
809 482 966 564 recipimus
987 483 1025 544 ad
1047 490 1162 570 perspi·

201 595 358 670 unitatem,
378 610 472 670 mum
494 600 525 650 et
543 589 659 650 veniam
678 587 845 670 praecedat.

165 721 200 761 ro
220 699 337 760 Bellum
358 697 442 758 civile
463 695 585 779 seilicet,
605 714 724 778 exque
744 705 878 778 potentes
899 708 967 758 sunt
987 696 1072 780 faefiq
1089 699 1163 762 vidit

200 805 361 870 Corradus
383 803 482 885 Aliqui
502 803 573 866 olim
592 801 747 864 accidisse.

165 934 197 974 ιι
220 914 318 974 Nostri
338 921 469 994 quatuor
488 932 558 972 eum
577 912 648 972 Rea.
665 924 787 992 gmtuss
810 909 856 972 ed.
876 913 962 974 Rom.
981 912 1014 974 P.
1034 934 1073 972 m.
1091 927 1163 994 gra-

201 1033 266 1091 tus‚·
287 1019 376 1082 Peak.
394 1018 493 1100 gravis
513 1039 544 1101 q.
565 1017 594 1078 li.

167 1147 202 1188 ra
224 1128 476 1210 Imperatorum,
496 1137 733 1188 consecuturum.
747 1125 867 1189 Graevii
880 1124 955 1187 liber
967 1127 1162 1204 autemnam,-

199 1245 303 1296 noster
328 1234 364 1309 td
381 1235 554 1296 alinum.

166 1341 201 1404 13
217 1341 340 1404 ,onris
361 1341 477 1404 Manu.
499 1341 581 1402 Tum
600 1338 747 1424 Ampiae,
768 1337 862 1420 filiae,
883 1352 936 1402 aut
956 1344 1073 1402 sororis.
1094 1343 1164 1404 Mu·

201 1446 287 1509 lieres
314 1450 407 1528 gentis
432 1450 552 1508 nomine
579 1445 820 1532 appellabantur,
848 1459 882 1510 ut
908 1447 1036 1510 diximus
1055 1447 1096 1510 ad
1116 1471 1162 1531 ep.

202 1554 321 1616 CCLVl
343 1565 418 1616 extr.
437 1555 536 1616 Nostri
555 1575 658 1616 omnes
679 1553 787 1636 aliique
808 1557 910 1616 vitiose
923 1553 1066 1637 Apuliae,
1079 1577 1164 1639 prae·

201 1673 249 1724 ter
273 1683 388 1744 uuum,
414 1664 466 1745 qui
493 1682 561 1722 eum
586 1661 649 1723 aliis
673 1661 766 1723 habet
791 1661 955 1746 Apuleiae,
983 1674 1018 1724 ut
1047 1683 1081 1724 ex
1107 1683 1162 1724 suo

201 1767 281 1832 libro
298 1769 461 1833 Emesuus

168 1875 204 1952 ¹4
223 1874 307 1936 ldem
327 1876 443 1938 Ernest.
475 1896 513 1937 ex
543 1878 714 1938 coniectura
739 1874 877 1938 Lambini
898 1875 1013 1937 addidit
1031 1889 1163 1960 oportere

203 2003 271 2047 eum
292 1994 379 2066 nota,
393 1983 550 2048 Schiitzius
569 2005 641 2046 veto
661 1987 764 2068 tacita3
778 1985 800 2044 l.
815 1983 852 2048 V.
865 1983 942 2045 Cler.
955 2004 1012 2067 pro
1027 1995 1163 2068 suspecto

201 2101 232 2151 et
252 2091 363 2152 incerto
394 2094 513 2175 recepit
544 2091 605 2153 Sed
635 2090 693 2152 boc
713 2091 799 2153 facile
829 2090 1015 2154 subauditur.
1036 2092 1163 2174 Propius

200 2209 302 2260 tamen
321 2201 501 2278 corrigerem
518 2198 742 2281 perscribendas
763 2203 856 2262 immo
871 2201 990 2260 Graevii
1008 2220 1075 2260 mss
1092 2219 1163 2281 pen-

200 2307 309 2386 scripsi
328 2303 483 2385 absolute3
504 2325 609 2366 verum
630 2307 671 2366 ita
691 2307 819 2368 otiosum
842 2315 917 2366 esset
937 2325 1033 2386 super.
1052 2305 1162 2386 pistari.

202 2413 301 2494 Supra
322 2431 393 2472 vero
414 2410 552 2472 Gulielm.
579 2413 729 2491 ingeniose
754 2413 870 2474 coniicit
895 2432 1072 2494 uragimpere
1096 2433 1112 2471 e
1133 2432 1164 2470 re

200 2519 311 2602 putavi.
641 2511 645 2520 ¹

168 2625 206 2688 15
226 2627 276 2687 Sic
296 2647 313 2686 e
333 2647 401 2686 mss.
424 2623 529 2686 Lamb.
557 2625 664 2686 Graes.
693 2636 723 2686 et
749 2623 826 2685 Oliv.
846 2623 947 2706 Vulgo
966 2623 1162 2706 exploratae,

203 2733 250 2794 vel
270 2743 305 2793 ut
325 2732 414 2814 aliqui
440 2743 510 2792 vett
538 2732 695 2814 explorate
701 2776 712 2805 ,
739 2731 819 2792 unde
847 2730 985 2792 Gulielm.
1013 2731 1087 2790 coni.
1107 2751 1163 2792 ex·

201 2841 330 2923 plorato.

168 2943 203 3006 16
223 2946 321 3006 Nostri
342 2967 444 3008 omnes
465 2945 573 3028 aliique
592 2946 652 3006 nisi
669 2967 755 3020 eam‚·
773 2945 879 3008 Lamb.
899 2947 959 3006 nisi
976 2945 1039 3006 eius
1059 2965 1163 3026 quani,

205 3052 286 3134 quod
307 3075 427 3136 sperare
446 3075 529 3136 spem
550 3053 660 3115 durum
681 3056 869 3116 existimaret.

170 3181 204 3241 ¹7
226 3162 286 3220 uisi
308 3172 423 3222 tantum
443 3162 569 3224 salutem
590 3181 672 3244 eam,
698 3183 775 3242 quae
801 3161 913 3242 sperari
942 3168 1039 3242 potest
1069 3179 1163 3239 quum

206 3268 294 3349 plane
314 3280 413 3330 motus
433 3267 464 3328 hi
484 3269 574 3330 civilis
593 3267 663 3328 belli
683 3268 777 3328 sedati
797 3267 913 3328 fuerint„
926 3265 1030 3326 Ardor
1042 3277 1163 3326 venuste

206 3374 293 3452 dicit,
313 3375 396 3457 quod
416 3373 487 3436 alibi
512 3375 586 3436 dixit
616 3373 804 3447 incendium,
830 3373 889 3434 seil.
916 3375 1000 3454 quasi
1023 3373 1164 3454 reliquiae

207 3482 354 3564 incendii,
384 3484 455 3563 quia
486 3483 584 3544 studia
615 3492 646 3542 et
676 3483 737 3542 irae
766 3483 895 3564 partium
922 3482 1075 3541 etiamtum
1104 3479 1165 3539 ler-

205 3589 323 3650 vebant
344 3587 452 3648 Anibb.
473 3587 550 3673 duo,
570 3591 641 3652 Rae.
663 3599 693 3650 et
714 3587 781 3650 edd
803 3587 874 3648 olim
894 3589 1046 3650 erumna.

171 3694 206 3758 ιθ
227 3696 412 3759 Tribunatus
432 3696 534 3758 incidit
546 3701 577 3758 in
595 3709 730 3779 tempora
751 3695 959 3756 coniurationis
980 3692 1165 3754 Catilinariae

206 3805 240 3864 A.
263 3805 299 3866 V.
322 3804 354 3864 C.
375 3803 509 3884 DCXC3
534 3815 674 3888 praebere
704 3815 828 3885 autem,
860 3813 894 3864 ut
916 3801 1046 3882 videtur,
1071 3821 1165 3881 quum

205 3931 278 3970 coss.
299 3911 368 3972 Piso
389 3923 419 3972 et
440 3911 597 3994 Gabinius,
618 3923 647 3972 et
669 3911 805 3972 uibunus
826 3909 864 3992 pl.
887 3909 1008 3972 Clodius
1029 3911 1063 3968 Α.
1078 3909 1114 3970 V.
1131 3907 1162 3964 C.

207 4019 344 4080 DCXCV
365 4023 464 4080 omnia
485 4023 514 4080 in
535 4042 567 4080 re
587 4019 669 4101 publ.
692 4019 862 4079 miscebant.
