2910 4954
327 439 399 510 300
636 454 805 506 rrrsrom
834 453 997 504 enuxrrv.
1108 453 1139 504 r.
1156 457 1191 505 v.
1209 457 1239 504 c.
1257 471 1303 518 ⁷⁰⁷

327 586 410 662 ergo
435 558 581 634 feciaml
606 573 642 632 te
667 557 826 658 consulo,
843 557 903 660 qui
919 555 1171 659 philosophum
1188 557 1293 634 cudis
1301 561 1326 635 ⁵.

327 685 465 788 Angerl
490 688 730 761 excruciemne
755 683 836 760 mel
861 683 948 788 quid
972 685 1160 786 assequarl
1188 686 1327 760 Deinde

328 839 433 919 quern
458 813 505 887 ad
529 807 657 888 fineml
681 853 732 873 --
755 809 890 910 Vives,
912 812 1051 914 inquis,
1080 813 1118 884 in
1142 809 1258 886 literis.
1276 855 1328 872 —-

326 941 384 1018 An
409 941 597 1044 quicquam
620 965 677 1015 me
694 938 790 1014 aliud
806 965 908 1040 agere
924 937 1063 1013 censesl
1080 953 1141 1012 aut
1158 939 1329 1039 possem6

326 1071 468 1168 vivere,
504 1069 572 1144 uisi
603 1070 642 1142 in
672 1067 781 1143 literis
812 1065 990 1144 vivereml
1022 1066 1092 1140 Sed
1124 1081 1178 1140 est
1206 1091 1329 1142 eanum

327 1197 456 1297 etiam,
479 1221 553 1270 nou
579 1198 742 1296 satietas,
773 1195 836 1270 sed
862 1193 1006 1297 quidam
1030 1191 1166 1268 modus.
1190 1194 1224 1268 A
1249 1195 1328 1296 qui-

325 1319 392 1394 bus
416 1347 526 1424 quum
551 1321 709 1422 discessi,
733 1321 801 1396 etsi
825 1321 1009 1394 minimum
1033 1319 1120 1392 mihi
1145 1333 1199 1394 est
1217 1321 1257 1392 iu
1273 1346 1329 1394 ce-

325 1471 372 1522 na
385 1461 411 1547 t,
435 1445 533 1549 quod
557 1462 596 1521 tu
621 1452 731 1521 tinum
757 1457 877 1547 ζήτημα
900 1448 1007 1521 Dioni
1032 1445 1247 1548 philosopho
1265 1472 1329 1547 ρο·

325 1574 426 1646 suisti
443 1573 476 1674 ⁸3
514 1581 633 1647 temen
667 1573 753 1677 quid
778 1574 897 1678 potius
922 1574 1048 1647 faciem
1072 1574 1188 1675 prius,
1221 1601 1328 1676 quam

300 1757 304 1768 .
325 1726 382 1773 me
409 1698 600 1774 dormitum
626 1700 826 1800 conferam,
858 1727 932 1776 nun
956 1701 1103 1802 reperio.
1129 1699 1222 1774 Audi
1248 1700 1327 1774 reli-

326 1853 405 1929 qua.
429 1827 523 1902 Inlra
548 1827 780 1931 Eutrapelum
805 1828 972 1930 Cytheris
997 1825 1161 1902 accubuit
1173 1845 1198 1900 ⁹.
1214 1867 1265 1884 -·
1284 1829 1326 1900 Iu

325 1979 369 2028 eo
393 1955 515 2053 igitur,
539 1955 677 2058 inquis,
702 1957 867 2034 convivio
892 1957 1016 2032 Cicero
1041 1954 1117 2053 ille,

324 2148 424 2225 Quem
439 2145 663 2232 adspectabant,
671 2153 756 2210 cuius
766 2148 806 2209 ob
816 2169 850 2210 or
861 2150 945 2210 Graii
957 2170 1011 2210 ore
1021 2141 1222 2210 obvertebant
1228 2145 1327 2209 suel=⁶

322 2329 404 2406 Non
428 2327 627 2406 mehercule
652 2335 849 2435 suspicatus
874 2359 953 2407 eum
977 2333 1073 2406 illem
1101 2331 1239 2406 adfore:
1264 2331 1326 2406 sed

321 2473 442 2533 tamen
458 2460 658 2562 Aristippus
683 2460 827 2564 quidem
851 2459 909 2535 ille
935 2460 1133 2536 Socraticus
1158 2485 1234 2539 non
1253 2459 1356 2535 eru·'

322 2584 401 2664 buit
423 2599 463 2687 ¹¹,
488 2611 597 2689 quum
629 2602 722 2663 esset
750 2591 783 2662 ei
815 2586 994 2662 obiectum
1012 2603 1054 2689 ¹²,
1084 2587 1215 2662 hahere
1245 2613 1326 2662 eum
1440 2589 1441 2676 l

322 2711 442 2786 Laide.
467 2746 485 2780 a
501 2713 645 2814 Habeo,
663 2717 796 2818 inquit,
819 2742 894 2792 uon
917 2715 1050 2790 habeor
1075 2741 1096 2790 e
1120 2714 1231 2790 Laide
1244 2717 1283 2786 ¹³.
1300 2747 1317 2778 n

324 2835 459 2910 Graece
484 2837 553 2912 hoc
579 2839 712 2914 melius.
737 2843 812 2945 Tu,
841 2845 869 2916 ui
896 2841 1010 2942 votes,
1039 2841 1324 2943 interpretabere.

308 2961 383 3034 ‘Me
409 2987 493 3035 vero
519 2963 605 3036 nihil
629 2967 793 3068 istorum,
817 2994 862 3041 ne
887 2971 1052 3042 iuvenem
1076 2969 1238 3071 quidem,
1254 2994 1325 3042 mo-
1439 2979 1440 2994 ¹

323 3089 376 3162 vit
399 3111 584 3192 umquam,
617 3111 663 3164 ne
694 3115 789 3167 nunc
822 3119 941 3169 senem
960 3095 999 3168 ¹4.
1029 3095 1204 3170 Convivio
1232 3094 1325 3169 dele-

323 3227 408 3289 ctor.
434 3215 488 3290 lbi
513 3215 657 3320 loquor,
681 3220 779 3324 quod
802 3223 840 3295 in
865 3221 978 3298 solum
993 3223 1033 3322 ¹⁵,
1057 3235 1099 3294 ut
1124 3221 1270 3322 dicitur;
1290 3235 1324 3294 et

320 3343 488 3440 gemitum
507 3347 537 3396 ¹⁶
562 3347 713 3422 inrisus
738 3349 908 3423 maximos
934 3347 1114 3424 transfero.
1139 3349 1197 3423 An
1222 3363 1263 3422 tu
1287 3347 1324 3422 id

318 3467 462 3570 melius,
488 3453 548 3575 qui
573 3475 679 3547 etiam
705 3473 956 3576 philosophum
980 3475 1125 3550 irriseris
1145 3493 1187 3576 ¹⁷,
1215 3501 1323 3580 quum

318 3595 394 3692 ille,
419 3600 449 3674 si
475 3601 551 3702 quis
578 3598 663 3704 quid
690 3615 872 3704 quaereret
885 3603 925 3701 ¹⁸,
953 3583 1112 3702 disiisset,
1138 3629 1263 3678 cenam
1286 3614 1321 3674 te

321 3749 484 3822 quaerere
510 3753 528 3800 a
554 3751 657 3801 mane
683 3725 831 3802 dixerisl
851 3743 881 3795 ¹9
906 3727 969 3802 llle
994 3727 1081 3804 baro
1099 3743 1129 3778 ²⁰
1157 3743 1195 3803 te
1220 3742 1321 3830 pute-

320 3843 384 3918 bat
408 3854 665 3954 quaesiturum,
697 3881 805 3928 unum
839 3852 976 3929 coelum
1002 3870 1114 3956 esset,
1149 3881 1194 3929 an
1219 3856 1320 3929 innu·

322 3973 508 4050 merabilie.
542 3981 640 4074 Quid
669 3982 719 4056 ed
750 3981 811 4056 tel
829 3997 859 4034 ²¹
886 3983 934 4058 At
969 3981 1112 4058 hercule
1139 4007 1226 4060 cene
1253 4005 1324 4060 non
