2898 4956
333 449 404 526 256
678 462 849 516 rursrout
879 465 1004 514 cccxv.
1117 462 1199 514 nv.
1216 469 1245 514 c.
1264 483 1310 529 m

331 574 402 650 Sed
426 575 455 648 si
482 569 613 646 tardius
639 571 680 644 fit
697 571 723 667 ⁸,
749 593 854 670 quam
878 566 1056 668 volumus3
1080 571 1216 668 magnis
1234 595 1339 645 occu·

329 699 532 806 petionibus
558 699 649 800 eius,
673 723 693 770 a
720 723 793 800 quo
817 697 936 770 omnia
952 708 1139 797 petuntur,
1155 695 1273 772 aditus
1291 698 1337 772 ad

330 855 411 904 eum
437 823 648 912 difficiliores
673 823 829 900 suerunt:
853 835 892 896 ct
916 822 1020 896 simul
1044 822 1231 897 Africanae
1257 851 1339 900 cuu-

329 981 389 1031 sae
412 955 534 1028 iratior
549 970 577 1054 s,
602 950 734 1024 diutim
750 947 850 1024 -velle
875 949 1016 1023 videmr
1041 975 1103 1024 ece
1129 949 1263 1028 babere
1280 979 1337 1028 eo·

327 1083 461 1181 licitos,
486 1107 506 1156 a
532 1077 660 1182 quibus
685 1104 723 1151 se
748 1088 853 1178 putat
869 1075 1147 1152 diuturnioribus
1164 1103 1243 1152 esse
1260 1105 1336 1154 mo-

327 1207 436 1298 lestiis
469 1205 719 1284 conflictatum.
753 1204 824 1278 Sed
855 1203 925 1278 boc
957 1205 1075 1305 ipsum
1107 1203 1336 1305 intelligimus

328 1363 410 1410 eum
426 1333 584 1437 quotidie
609 1333 787 1408 remissius
806 1331 1035 1434 etplacatius
1052 1331 1197 1405 serre10.
1217 1333 1337 1425 Quare

328 1462 414 1535 mibi
440 1460 561 1558 crede,
585 1473 622 1532 et
647 1460 837 1533 memoriae
863 1457 1011 1557 mande,
1033 1483 1091 1531 me
1109 1457 1174 1531 tibi
1192 1458 1231 1532 id
1249 1459 1339 1533 affir-

327 1613 441 1661 masse
460 1603 501 1686 ¹¹,
525 1599 561 1660 te
584 1587 622 1658 in
647 1587 724 1660 istis
740 1584 909 1660 molestiis
927 1584 1058 1658 diutius
1075 1609 1150 1660 non
1168 1584 1336 1660 ficturum.

329 1713 491 1808 Quando
506 1729 546 1811 ¹²,
571 1713 656 1816 quid
682 1715 866 1812 sentirem,
888 1713 1059 1813 exposui3
1076 1711 1164 1814 quid
1185 1711 1338 1787 velirn¹³

329 1857 387 1920 tua
410 1867 538 1940 causa,
563 1865 600 1914 re
633 1840 770 1942 potius,
801 1839 908 1943 quam
933 1840 1111 1938 oratione,
1136 1838 1338 1914 declarabo.

328 1967 393 2067 Et,
418 1969 446 2042 si
473 1981 611 2042 tantum
637 1993 796 2070 possem,
814 1960 993 2072 quantum
1016 1967 1055 2042 in
1082 1993 1121 2040 ee
1149 1993 1186 2040 re
1220 1967 1340 2070 publi·

328 2121 387 2194 cu,
413 2094 457 2168 de
481 2121 548 2196 qua
566 2095 615 2168 ita
632 2121 711 2168 sum
729 2095 948 2194 meritussut
965 2109 1002 2168 tu
1021 2083 1214 2194 existimas,
1231 2121 1338 2198 posse

328 2219 518 2319 debebum3
550 2245 594 2294 ne
621 2234 658 2294 tu
686 2219 828 2322 quidem
852 2219 891 2292 in
915 2221 992 2298 istis
1017 2221 1258 2296 incommodis
1285 2249 1338 2296 es-

327 2373 382 2422 ses
403 2346 441 2418 ¹4.
467 2346 604 2420 Eadem
629 2347 725 2420 enirn
751 2371 854 2422 causa
880 2367 969 2448 opes
987 2373 1083 2422 meas
1099 2345 1218 2448 fregit,
1248 2375 1337 2451 quae

328 2489 425 2548 tuam
443 2473 591 2548 salutem
607 2475 646 2546 in
664 2473 851 2548 discrimen
870 2471 1019 2546 adduxit
1038 2475 1078 2545 ¹⁵.
1104 2473 1174 2546 Sed
1201 2489 1337 2572 mmeu,

328 2577 496 2704 quicquid
521 2602 637 2701 imago
664 2601 792 2674 veteris
818 2625 916 2674 meae
942 2599 1142 2701 dignitatis,
1167 2602 1336 2705 quicquid

326 2719 493 2830 reliquiae
520 2729 650 2826 gratiae
669 2731 700 2780 ¹⁶
725 2727 911 2826 valebunt3
936 2726 1108 2827 studium,
1134 2727 1337 2826 consilium,

329 2877 452 2952 opera,
482 2854 608 2952 gratia,
636 2854 723 2926 fides
757 2877 857 2951 mea,
889 2853 986 2928 nullo
1014 2851 1095 2928 loco
1130 2853 1243 2928 deerit
1269 2857 1335 2929 tuis
1435 2929 1436 2938 ,

328 2979 473 3079 optimis
496 2979 670 3052 fratribus.
697 2980 753 3052 Tu
779 2979 833 3054 suc
858 2980 989 3056 habeas
1015 2981 1141 3058 fortem
1164 2983 1335 3079 animum,

329 3132 432 3209 quem
451 3128 590 3206 semper
605 3105 772 3182 habuisti:
790 3107 944 3208 primum
959 3107 1006 3183 ob
1020 3134 1080 3182 eas
1093 3134 1233 3209 causas,
1250 3136 1334 3212 quas

328 3233 450 3334 scripsi
456 3260 467 3331 3
492 3230 636 3332 deinde,
652 3232 751 3334 quod
767 3259 808 3308 ee
826 3233 871 3308 de
896 3261 935 3308 re
958 3233 1100 3336 publica
1116 3259 1260 3337 semper
1276 3261 1334 3309 vo·

326 3357 421 3433 luisti
446 3372 551 3460 atque
576 3361 731 3459 sensisti,
756 3375 796 3433 ut
821 3387 894 3434 non
924 3361 1033 3436 modo
1067 3387 1179 3464 quum
1211 3387 1333 3436 secun-

327 3483 372 3560 da
391 3501 419 3552 ¹7
446 3511 587 3588 sperare
614 3486 759 3587 debeas,
780 3487 843 3562 sed
859 3489 984 3587 etiam,
1001 3491 1030 3562 si
1051 3490 1167 3563 omnia
1188 3490 1331 3564 adversa

326 3627 463 3714 esseut,
497 3628 615 3688 tamen
649 3615 865 3689 conscientia
891 3629 927 3688 et
952 3617 1125 3690 laetorum
1158 3631 1196 3689 et
1226 3615 1332 3690 eonsi-

325 3739 453 3816 liorum
471 3755 630 3840 tuorum,
648 3767 888 3846 quaecumque
907 3741 1125 3844 acciderent,
1142 3744 1329 3820 fortissimo

328 3878 363 3936 et
389 3869 541 3944 inaximo
567 3870 686 3946 animo
712 3870 799 3944 serre
826 3869 980 3946 deberes
