2910 4962
529 433 567 482 111
592 431 781 484 1111110111
830 440 835 450 ·
1084 417 1159 511 423
1182 511 1185 520 .

157 559 194 599 sn
217 537 283 597 Hoc
303 547 362 620 est,
382 534 469 596 velde
488 537 615 598 istorum
634 535 714 597 fecto
733 555 861 620 urgeor,
877 547 908 598 ct
920 540 1019 600 nescio
1033 542 1106 623 quid
1121 543 1161 606 ed

190 645 249 706 hoc
268 642 475 728 respondeam.
495 643 730 728 Abeundumne,
750 654 786 706 ut
805 646 867 725 isti,
886 649 919 707 in
937 647 1084 710 Africam?
1102 649 1159 712 Hic

190 773 313 836 quoque
337 773 374 813 ex
400 763 508 813 eventu
532 750 725 814 indicendum
752 762 809 814 est:
834 774 910 814 num
937 755 1046 817 scilicet
1066 756 1158 840 aliqui

190 871 243 922 eut
267 881 371 922 omnes
395 859 483 921 saluti
509 881 581 921 suae
606 859 789 922 consulendo
814 860 854 921 eb
873 861 987 941 Allien,
1008 875 1098 946 etque
1119 865 1158 926 ab

189 971 281 1030 ermis
295 967 461 1053 discedent;
482 969 566 1052 quod
586 990 609 1029 si
629 968 783 1051 acciderit,
804 991 907 1030 mcum
928 971 1041 1033 lachim
1061 973 1159 1034 minus

190 1076 451 1138 condemnabitur:
473 1077 520 1138 rel
539 1077 758 1160 perseverando
780 1080 810 1137 in
830 1080 920 1138 armis
932 1080 1087 1144 simonem
1101 1079 1159 1141 ob·

190 1186 318 1267 tineent3
338 1205 400 1268 quo
420 1187 452 1246 in
472 1205 543 1246 cusu
563 1195 652 1268 turpe
672 1184 888 1248 existimabitur
908 1197 939 1248 et
957 1186 1082 1271 periculi
1094 1186 1158 1270 plc-

190 1314 264 1353 num
285 1292 438 1354 consilium
452 1313 563 1354 meum.
583 1291 689 1354 Lemb.
710 1305 742 1353 ut
760 1293 860 1380 aliqui
870 1293 946 1368 sint,·
961 1293 1071 1356 solinu
1084 1315 1157 1356 vero

190 1403 220 1460 si
238 1402 349 1485 aliqui,
372 1399 463 1460 ambo
483 1423 521 1461 ex
542 1403 674 1481 ingenio,
694 1403 765 1484 rati,
785 1404 847 1463 sine
866 1401 1039 1464 huiusmodi
1064 1405 1158 1487 perti·

191 1507 259 1568 cula
279 1528 398 1568 sensnm
419 1511 697 1570 constareminime
716 1529 812 1592 posse.

151 1615 189 1676 13
211 1613 359 1697 Sulpicius
380 1617 410 1675 in
430 1615 560 1697 aliquam
580 1618 763 1698 provinciam
784 1635 911 1678 vacuum
931 1637 950 1676 1
970 1615 1049 1678 bello
1064 1637 1159 1679 seces·

190 1725 260 1782 sisse
280 1721 406 1782 videtur.
428 1721 573 1802 Mongalt.

151 1830 192 1908 14
212 1829 383 1890 Consilium.
407 1829 560 1890 Graevius.
582 1830 675 1892 Aliter
687 1841 790 1892 tamen
803 1831 970 1914 Manutius,
983 1830 1093 1892 scilicet
1105 1847 1158 1891 eo-

188 1959 274 2018 rum,
294 1959 372 2020 quae
393 1938 529 1998 Ciceroni
550 1961 568 2000 a
588 1937 674 1999 bonis
693 1941 763 2000 viris
784 1937 872 2000 obiici
892 1949 1039 2021 poterunt.

152 2045 191 2110 15
212 2045 280 2137 Scil.
303 2049 389 2108 venie
409 2067 427 2106 1
448 2046 575 2108 Caesare
596 2050 769 2131 impetrate,
789 2050 887 2108 stetim
907 2047 1036 2108 Romam
1049 2050 1093 2108 ire
1105 2067 1160 2130 po·

190 2165 306 2231 terunt,
327 2175 421 2236 quum
442 2156 505 2238 ipse
524 2155 673 2215 Brundisii
693 2156 813 2216 sedeam
834 2158 931 2216 miser.
953 2153 1062 2216 schcu
1075 2153 1159 2218 dedit

191 2264 316 2334 venien,-
337 2261 444 2323 melius
467 2261 602 2344 quidem,
628 2263 680 2324 sed
700 2266 762 2326 siae
789 2263 973 2326 auctoritate.
994 2262 1068 2322 Mox
1088 2261 1157 2327 edd.

190 2371 279 2431 Rom.
300 2379 331 2430 et
350 2370 427 2431 lens.
448 2369 537 2430 Haec
558 2383 605 2442 tu,
622 2384 714 2453 prosa
722 2369 809 2451 fascis
829 2391 868 2430 m.

151 2475 191 2538 16
212 2476 345 2556 Scilicet,
366 2488 396 2538 te
415 2476 474 2538 hoc
494 2489 631 2560 tempore
652 2475 693 2536 nd
712 2497 762 2538 me
781 2497 842 2536 non
863 2475 981 2538 venire..
993 2475 1111 2537 Seleia.

151 2606 189 2666 ¹7
212 2585 262 2646 Sic
282 2597 406 2646 auctore
425 2583 582 2645 Tunstello
602 2585 751 2667 rescripsit
769 2583 941 2665 Ernestius,
958 2593 989 2644 et
1000 2603 1105 2643 revere
1118 2583 1160 2643 sic

189 2695 356 2754 necessario
378 2694 503 2776 requirit
522 2690 600 2752 infra
617 2711 678 2753 vox
691 2712 767 2753 eam.
780 2689 859 2753 Edd.
871 2710 917 2773 pr.
932 2709 1002 2750 cnm
1015 2687 1104 2751 Amb.
1123 2687 1159 2750 16

189 2799 277 2884 qssod
298 2819 354 2860 ser.
380 2789 565 2888 efflagitare,-
594 2799 684 2861 Herv.
708 2799 786 2860 Vict.
812 2795 977 2860 Terentiam
986 2797 1157 2880 flagitare,-

190 2909 244 2991 qui
258 2910 328 2969 item
343 2909 420 2969 inira
431 2929 489 2991 pro
510 2909 564 2970 tibi
583 2907 684 2970 obesse
695 2907 809 2970 liabent
825 2908 977 2970 Terentiae
990 2909 1037 2968 ob.
1057 2906 1159 2990 Vulgo

190 3031 218 3078 te
225 3016 380 3101 flagitari.
399 3015 575 3098 Effingitere
595 3016 720 3098 scillcet,
739 3029 775 3080 ut
793 3037 930 3080 moneres
949 3017 980 3078 in
999 3015 1099 3095 Italis,
1124 3026 1161 3080 ut

192 3123 333 3207 explanat
353 3124 433 3185 idem
452 3124 616 3186 Ernestius.

153 3229 192 3294 18
212 3232 339 3294 Nomine
359 3233 524 3314 Ciceronis,
544 3243 690 3315 utsupra
711 3253 756 3314 ep.
778 3229 967 3315 CCCXCW,
988 3231 1017 3292 3.

154 3361 193 3423 ¹9
213 3339 305 3401 llere.
326 3339 414 3400 Sami
431 3341 486 3424 qui
502 3353 619 3424 pacem
639 3339 760 3401 vidisset
776 3351 805 3399 et
822 3337 960 3419 Sicyone.

149 3467 193 3510 no
213 3447 282 3510 set
303 3446 471 3510 Caesarem.
499 3447 549 3510 Sic
573 3445 757 3510 Lellemend.
784 3467 823 3507 ex
847 3466 916 3507 mss.
942 3445 1032 3527 regiis
1057 3441 1160 3526 dedit3

191 3554 285 3638 vulgo
304 3553 382 3618 mele
402 3553 541 3620 videsue
563 3557 710 3619 Gnosius
728 3552 861 3616 mucha
880 3551 1024 3617 vidam
