<?xml version="1.0" encoding="UTF-8"?>
<!DOCTYPE html PUBLIC "-//W3C//DTD XHTML 1.0 Transitional//EN"
    "http://www.w3.org/TR/xhtml1/DTD/xhtml1-transitional.dtd">
<html xmlns="http://www.w3.org/1999/xhtml" xml:lang="en" lang="en">
 <head>
  <title>
</title>
<meta http-equiv="Content-Type" content="text/html;charset=utf-8" />
  <meta name='ocr-system' content='tesseract 3.04.00' />
  <meta name='ocr-capabilities' content='ocr_page ocr_carea ocr_par ocr_line ocrx_word'/>
</head>
<body>
  <div class='ocr_page' id='page_1' title='image "./mtulliiciceroni66cicegoog/mtulliiciceroni66cicegoog_0229.png"; bbox 0 0 2898 4956; ppageno 0'>
   <div class='ocr_carea' id='block_1_1' title="bbox 326 413 1437 3284">
    <p class='ocr_par' dir='ltr' id='par_1_1' title="bbox 326 413 1437 3284">
     <span class='ocr_line' id='line_1_1' title="bbox 342 413 1318 506; baseline -0.002 -20"><span class='ocrx_word' id='word_1_1' title='bbox 342 413 414 506; x_wconf 59' lang='lat' dir='ltr'><strong>aad</strong></span> <span class='ocrx_word' id='word_1_2' title='bbox 674 433 847 484; x_wconf 77' lang='lat' dir='ltr'><strong>arrarum</strong></span> <span class='ocrx_word' id='word_1_3' title='bbox 873 435 988 482; x_wconf 80' lang='lat' dir='ltr'><strong>coiri.</strong></span> <span class='ocrx_word' id='word_1_4' title='bbox 1125 437 1202 484; x_wconf 71' lang='lat' dir='ltr'><strong>nv.</strong></span> <span class='ocrx_word' id='word_1_5' title='bbox 1219 437 1247 483; x_wconf 89' lang='lat' dir='ltr'><strong>c.</strong></span> <span class='ocrx_word' id='word_1_6' title='bbox 1267 451 1318 500; x_wconf 78' lang='lat'><strong>⁷07</strong></span> 
     </span>
     <span class='ocr_line' id='line_1_2' title="bbox 340 534 1343 637; baseline 0.001 -25"><span class='ocrx_word' id='word_1_7' title='bbox 340 539 493 612; x_wconf 77' lang='lat' dir='ltr'>habuisti</span> <span class='ocrx_word' id='word_1_8' title='bbox 509 554 547 607; x_wconf 85' lang='lat'><strong>¹².</strong></span> <span class='ocrx_word' id='word_1_9' title='bbox 572 537 726 612; x_wconf 79' lang='lat' dir='ltr'><strong>Proinde</strong></span> <span class='ocrx_word' id='word_1_10' title='bbox 753 552 787 610; x_wconf 87' lang='lat' dir='ltr'><strong>te</strong></span> <span class='ocrx_word' id='word_1_11' title='bbox 812 563 912 637; x_wconf 88' lang='lat' dir='ltr'><strong>para:</strong></span> <span class='ocrx_word' id='word_1_12' title='bbox 931 563 1012 610; x_wconf 86' lang='lat' dir='ltr'><strong>eum</strong></span> <span class='ocrx_word' id='word_1_13' title='bbox 1028 534 1171 612; x_wconf 86' lang='lat' dir='ltr'><strong>homine</strong></span> <span class='ocrx_word' id='word_1_14' title='bbox 1188 553 1225 612; x_wconf 89' lang='lat' dir='ltr'><strong>et</strong></span> <span class='ocrx_word' id='word_1_15' title='bbox 1241 540 1343 614; x_wconf 81' lang='lat' dir='ltr'>edaci</span> 
     </span>
     <span class='ocr_line' id='line_1_3' title="bbox 342 657 1342 767; baseline -0.004 -27"><span class='ocrx_word' id='word_1_16' title='bbox 342 666 408 740; x_wconf 90' lang='lat' dir='ltr'><strong>tibi</strong></span> <span class='ocrx_word' id='word_1_17' title='bbox 431 690 486 742; x_wconf 82' lang='lat' dir='ltr'><strong>res</strong></span> <span class='ocrx_word' id='word_1_18' title='bbox 510 678 580 764; x_wconf 77' lang='lat' dir='ltr'><strong>est,</strong></span> <span class='ocrx_word' id='word_1_19' title='bbox 604 677 641 738; x_wconf 88' lang='lat' dir='ltr'><strong>et</strong></span> <span class='ocrx_word' id='word_1_20' title='bbox 665 665 725 767; x_wconf 89' lang='lat' dir='ltr'><strong>qui</strong></span> <span class='ocrx_word' id='word_1_21' title='bbox 747 665 822 735; x_wconf 88' lang='lat' dir='ltr'><strong>iar&#39;n</strong></span> <span class='ocrx_word' id='word_1_22' title='bbox 846 657 979 766; x_wconf 90' lang='lat' dir='ltr'><strong>aliquid</strong></span> <span class='ocrx_word' id='word_1_23' title='bbox 1002 662 1227 763; x_wconf 78' lang='lat' dir='ltr'><strong>intelligat¹³.</strong></span> <span class='ocrx_word' id='word_1_24' title='bbox 1257 673 1342 762; x_wconf 66' lang='lat' dir='ltr'><strong>Odr-</strong></span> 
     </span>
     <span class='ocr_line' id='line_1_4' title="bbox 326 786 1342 891; baseline 0.007 -30"><span class='ocrx_word' id='word_1_25' title='bbox 326 852 330 881; x_wconf 73' lang='grc'>,</span> <span class='ocrx_word' id='word_1_26' title='bbox 341 797 456 888; x_wconf 58' lang='lat' dir='ltr'><strong>pabor</strong></span> <span class='ocrx_word' id='word_1_27' title='bbox 481 805 599 867; x_wconf 84' lang='lat' dir='ltr'><strong>autem</strong></span> <span class='ocrx_word' id='word_1_28' title='bbox 623 786 823 873; x_wconf 79' lang='lat' dir='ltr'><strong>hominee¹l</strong></span> <span class='ocrx_word' id='word_1_29' title='bbox 840 791 907 864; x_wconf 88' lang='lat' dir='ltr'><strong>scis</strong></span> <span class='ocrx_word' id='word_1_30' title='bbox 925 815 1031 891; x_wconf 88' lang='lat' dir='ltr'><strong>quam</strong></span> <span class='ocrx_word' id='word_1_31' title='bbox 1054 788 1245 866; x_wconf 73' lang='lat' dir='ltr'><strong>insolentes</strong></span> <span class='ocrx_word' id='word_1_32' title='bbox 1262 793 1342 868; x_wconf 78' lang='lat' dir='ltr'><strong>sint</strong></span> 
     </span>
     <span class='ocr_line' id='line_1_5' title="bbox 339 913 1374 1015; baseline -0.004 -21"><span class='ocrx_word' id='word_1_33' title='bbox 339 916 583 996; x_wconf 79' lang='lat' dir='ltr'><strong>Dediaoendae</strong></span> <span class='ocrx_word' id='word_1_34' title='bbox 600 917 663 990; x_wconf 91' lang='lat' dir='ltr'><strong>tibi</strong></span> <span class='ocrx_word' id='word_1_35' title='bbox 680 931 763 990; x_wconf 81' lang='lat' dir='ltr'><strong>snut</strong></span> <span class='ocrx_word' id='word_1_36' title='bbox 779 913 975 1015; x_wconf 76' lang='lat' dir='ltr'>sportellae,</span> <span class='ocrx_word' id='word_1_37' title='bbox 990 929 1026 988; x_wconf 85' lang='lat' dir='ltr'><strong>et</strong></span> <span class='ocrx_word' id='word_1_38' title='bbox 1036 914 1228 1014; x_wconf 82' lang='lat' dir='ltr'><strong>artologani</strong></span> <span class='ocrx_word' id='word_1_39' title='bbox 1240 920 1295 990; x_wconf 88' lang='lat' dir='ltr'><strong>tui</strong></span> <span class='ocrx_word' id='word_1_40' title='bbox 1305 921 1343 992; x_wconf 79' lang='lat'><strong>¹⁵.</strong></span> <span class='ocrx_word' id='word_1_41' title='bbox 1371 959 1374 971; x_wconf 92' lang='lat'>·</span> 
     </span>
     <span class='ocr_line' id='line_1_6' title="bbox 339 1043 1346 1142; baseline -0.004 -18"><span class='ocrx_word' id='word_1_42' title='bbox 339 1047 415 1124; x_wconf 81' lang='lat' dir='ltr'><strong>Noa</strong></span> <span class='ocrx_word' id='word_1_43' title='bbox 439 1049 510 1120; x_wconf 87' lang='lat' dir='ltr'><strong>iam</strong></span> <span class='ocrx_word' id='word_1_44' title='bbox 536 1047 619 1120; x_wconf 89' lang='lat' dir='ltr'><strong>artis</strong></span> <span class='ocrx_word' id='word_1_45' title='bbox 645 1057 783 1122; x_wconf 87' lang='lat' dir='ltr'><strong>tantum</strong></span> <span class='ocrx_word' id='word_1_46' title='bbox 807 1043 978 1118; x_wconf 88' lang='lat' dir='ltr'><strong>habemus</strong></span> <span class='ocrx_word' id='word_1_47' title='bbox 994 1047 1033 1142; x_wconf 79' lang='lat'><strong>¹⁶,</strong></span> <span class='ocrx_word' id='word_1_48' title='bbox 1050 1055 1090 1116; x_wconf 87' lang='lat' dir='ltr'><strong>ut</strong></span> <span class='ocrx_word' id='word_1_49' title='bbox 1106 1045 1269 1120; x_wconf 88' lang='lat' dir='ltr'><strong>Verrium</strong></span> <span class='ocrx_word' id='word_1_50' title='bbox 1291 1060 1346 1120; x_wconf 88' lang='lat' dir='ltr'><strong>tu·</strong></span> 
     </span>
     <span class='ocr_line' id='line_1_7' title="bbox 339 1169 1345 1275; baseline 0 -27"><span class='ocrx_word' id='word_1_51' title='bbox 339 1199 401 1248; x_wconf 88' lang='lat' dir='ltr'><strong>nm</strong></span> <span class='ocrx_word' id='word_1_52' title='bbox 421 1189 461 1275; x_wconf 73' lang='lat'><strong>¹⁷,</strong></span> <span class='ocrx_word' id='word_1_53' title='bbox 486 1187 522 1246; x_wconf 88' lang='lat' dir='ltr'><strong>et</strong></span> <span class='ocrx_word' id='word_1_54' title='bbox 546 1169 732 1247; x_wconf 88' lang='lat' dir='ltr'><strong>Camillum</strong></span> <span class='ocrx_word' id='word_1_55' title='bbox 758 1179 847 1274; x_wconf 86' lang='lat' dir='ltr'><strong>(qua</strong></span> <span class='ocrx_word' id='word_1_56' title='bbox 872 1169 1044 1244; x_wconf 85' lang='lat' dir='ltr'><strong>munditia</strong></span> <span class='ocrx_word' id='word_1_57' title='bbox 1069 1169 1248 1246; x_wconf 84' lang='lat' dir='ltr'><strong>homines!</strong></span> <span class='ocrx_word' id='word_1_58' title='bbox 1273 1199 1345 1275; x_wconf 86' lang='lat' dir='ltr'><strong>qua</strong></span> 
     </span>
     <span class='ocr_line' id='line_1_8' title="bbox 339 1295 1345 1400; baseline -0.002 -26"><span class='ocrx_word' id='word_1_59' title='bbox 339 1299 543 1400; x_wconf 85' lang='lat' dir='ltr'><strong>elegantia!)</strong></span> <span class='ocrx_word' id='word_1_60' title='bbox 562 1323 689 1373; x_wconf 85' lang='lat' dir='ltr'><strong>vocare</strong></span> <span class='ocrx_word' id='word_1_61' title='bbox 706 1299 845 1400; x_wconf 84' lang='lat' dir='ltr'><strong>saepius</strong></span> <span class='ocrx_word' id='word_1_62' title='bbox 871 1295 1069 1371; x_wconf 84' lang='lat' dir='ltr'><strong>audeamus.</strong></span> <span class='ocrx_word' id='word_1_63' title='bbox 1094 1296 1165 1372; x_wconf 89' lang='lat' dir='ltr'><strong>Sed</strong></span> <span class='ocrx_word' id='word_1_64' title='bbox 1182 1297 1266 1372; x_wconf 82' lang='lat' dir='ltr'><strong>vide</strong></span> <span class='ocrx_word' id='word_1_65' title='bbox 1283 1326 1345 1373; x_wconf 91' lang='lat' dir='ltr'><strong>au·</strong></span> 
     </span>
     <span class='ocr_line' id='line_1_9' title="bbox 339 1406 1345 1526; baseline 0.003 -26"><span class='ocrx_word' id='word_1_66' title='bbox 339 1427 487 1500; x_wconf 87' lang='lat' dir='ltr'><strong>daciam.</strong></span> <span class='ocrx_word' id='word_1_67' title='bbox 505 1406 507 1414; x_wconf 12' lang='grc' dir='ltr'>ἲ</span> <span class='ocrx_word' id='word_1_68' title='bbox 523 1427 642 1500; x_wconf 88' lang='lat' dir='ltr'><strong>Etiam</strong></span> <span class='ocrx_word' id='word_1_69' title='bbox 674 1425 789 1500; x_wconf 90' lang='lat' dir='ltr'><strong>Hirtio</strong></span> <span class='ocrx_word' id='word_1_70' title='bbox 823 1451 947 1499; x_wconf 89' lang='lat' dir='ltr'><strong>cenam</strong></span> <span class='ocrx_word' id='word_1_71' title='bbox 980 1425 1076 1525; x_wconf 81' lang='lat' dir='ltr'><strong>dedi,</strong></span> <span class='ocrx_word' id='word_1_72' title='bbox 1103 1427 1176 1498; x_wconf 83' lang='lat' dir='ltr'><strong>sine</strong></span> <span class='ocrx_word' id='word_1_73' title='bbox 1202 1453 1345 1526; x_wconf 87' lang='lat' dir='ltr'><strong>pavone</strong></span> 
     </span>
     <span class='ocr_line' id='line_1_10' title="bbox 338 1553 1346 1655; baseline 0.003 -28"><span class='ocrx_word' id='word_1_74' title='bbox 338 1565 459 1628; x_wconf 84' lang='lat' dir='ltr'><strong>tamen</strong></span> <span class='ocrx_word' id='word_1_75' title='bbox 471 1555 512 1626; x_wconf 82' lang='lat'><strong>¹⁸.</strong></span> <span class='ocrx_word' id='word_1_76' title='bbox 528 1553 572 1626; x_wconf 96' lang='lat' dir='ltr'><strong>In</strong></span> <span class='ocrx_word' id='word_1_77' title='bbox 590 1579 631 1626; x_wconf 91' lang='lat' dir='ltr'><strong>ea</strong></span> <span class='ocrx_word' id='word_1_78' title='bbox 657 1577 743 1626; x_wconf 88' lang='lat' dir='ltr'><strong>cena</strong></span> <span class='ocrx_word' id='word_1_79' title='bbox 770 1577 904 1655; x_wconf 81' lang='lat' dir='ltr'><strong>coquus</strong></span> <span class='ocrx_word' id='word_1_80' title='bbox 928 1577 1026 1626; x_wconf 83' lang='lat' dir='ltr'><strong>meua</strong></span> <span class='ocrx_word' id='word_1_81' title='bbox 1051 1567 1191 1652; x_wconf 83' lang='lat' dir='ltr'><strong>praeter</strong></span> <span class='ocrx_word' id='word_1_82' title='bbox 1209 1554 1265 1627; x_wconf 85' lang='lat' dir='ltr'><strong>ins</strong></span> <span class='ocrx_word' id='word_1_83' title='bbox 1282 1554 1346 1630; x_wconf 83' lang='lat' dir='ltr'><strong>fer·</strong></span> 
     </span>
     <span class='ocr_line' id='line_1_11' title="bbox 339 1678 1345 1782; baseline 0.001 -28"><span class='ocrx_word' id='word_1_84' title='bbox 339 1703 427 1754; x_wconf 84' lang='lat' dir='ltr'><strong>vens</strong></span> <span class='ocrx_word' id='word_1_85' title='bbox 451 1678 540 1752; x_wconf 85' lang='lat' dir='ltr'><strong>nihil</strong></span> <span class='ocrx_word' id='word_1_86' title='bbox 564 1680 684 1782; x_wconf 89' lang='lat' dir='ltr'><strong>potuit</strong></span> <span class='ocrx_word' id='word_1_87' title='bbox 708 1680 836 1752; x_wconf 89' lang='lat' dir='ltr'><strong>imitari</strong></span> <span class='ocrx_word' id='word_1_88' title='bbox 856 1695 894 1752; x_wconf 84' lang='lat'><strong>¹9.</strong></span> <span class='ocrx_word' id='word_1_89' title='bbox 920 1680 1018 1752; x_wconf 87' lang='lat' dir='ltr'><strong>Haec</strong></span> <span class='ocrx_word' id='word_1_90' title='bbox 1041 1680 1146 1778; x_wconf 84' lang='lat' dir='ltr'><strong>igitur</strong></span> <span class='ocrx_word' id='word_1_91' title='bbox 1170 1693 1225 1752; x_wconf 83' lang='lat' dir='ltr'><strong>est</strong></span> <span class='ocrx_word' id='word_1_92' title='bbox 1249 1704 1345 1755; x_wconf 90' lang='lat' dir='ltr'><strong>nune</strong></span> 
     </span>
     <span class='ocr_line' id='line_1_12' title="bbox 338 1803 1344 1882; baseline 0.001 -1"><span class='ocrx_word' id='word_1_93' title='bbox 338 1807 412 1880; x_wconf 80' lang='lat' dir='ltr'><strong>vita</strong></span> <span class='ocrx_word' id='word_1_94' title='bbox 437 1819 567 1880; x_wconf 78' lang='lat' dir='ltr'><strong>nostra.</strong></span> <span class='ocrx_word' id='word_1_95' title='bbox 594 1805 700 1878; x_wconf 86' lang='lat' dir='ltr'><strong>Mane</strong></span> <span class='ocrx_word' id='word_1_96' title='bbox 726 1803 919 1878; x_wconf 74' lang='lat' dir='ltr'><strong>salutamus</strong></span> <span class='ocrx_word' id='word_1_97' title='bbox 945 1803 1043 1878; x_wconf 91' lang='lat' dir='ltr'><strong>domi</strong></span> <span class='ocrx_word' id='word_1_98' title='bbox 1066 1817 1102 1877; x_wconf 91' lang='lat' dir='ltr'><strong>et</strong></span> <span class='ocrx_word' id='word_1_99' title='bbox 1116 1804 1233 1879; x_wconf 84' lang='lat' dir='ltr'><strong>bonos</strong></span> <span class='ocrx_word' id='word_1_100' title='bbox 1250 1808 1344 1882; x_wconf 76' lang='lat' dir='ltr'><strong>viror</strong></span> 
     </span>
     <span class='ocr_line' id='line_1_13' title="bbox 338 1931 1345 2035; baseline -0.001 -27"><span class='ocrx_word' id='word_1_101' title='bbox 338 1931 487 2031; x_wconf 83' lang='lat' dir='ltr'><strong>multos,</strong></span> <span class='ocrx_word' id='word_1_102' title='bbox 511 1931 575 2006; x_wconf 84' lang='lat' dir='ltr'><strong>sed</strong></span> <span class='ocrx_word' id='word_1_103' title='bbox 600 1933 733 2032; x_wconf 81' lang='lat' dir='ltr'><strong>tristes,</strong></span> <span class='ocrx_word' id='word_1_104' title='bbox 758 1931 885 2006; x_wconf 84' lang='lat' dir='ltr'><strong>ethos</strong></span> <span class='ocrx_word' id='word_1_105' title='bbox 910 1931 1021 2005; x_wconf 87' lang='lat' dir='ltr'><strong>laetos</strong></span> <span class='ocrx_word' id='word_1_106' title='bbox 1047 1932 1199 2006; x_wconf 83' lang='lat' dir='ltr'><strong>victores</strong></span> <span class='ocrx_word' id='word_1_107' title='bbox 1216 1947 1260 2032; x_wconf 78' lang='lat'><strong>²⁰3</strong></span> <span class='ocrx_word' id='word_1_108' title='bbox 1284 1935 1345 2035; x_wconf 87' lang='lat' dir='ltr'><strong>qui</strong></span> 
     </span>
     <span class='ocr_line' id='line_1_14' title="bbox 338 2057 1342 2162; baseline 0 -30"><span class='ocrx_word' id='word_1_109' title='bbox 338 2083 397 2132; x_wconf 93' lang='lat' dir='ltr'><strong>me</strong></span> <span class='ocrx_word' id='word_1_110' title='bbox 421 2057 564 2162; x_wconf 86' lang='lat' dir='ltr'><strong>quidem</strong></span> <span class='ocrx_word' id='word_1_111' title='bbox 590 2059 827 2159; x_wconf 86' lang='lat' dir='ltr'><strong>perofficiose,</strong></span> <span class='ocrx_word' id='word_1_112' title='bbox 845 2073 881 2131; x_wconf 93' lang='lat' dir='ltr'><strong>et</strong></span> <span class='ocrx_word' id='word_1_113' title='bbox 896 2073 1119 2159; x_wconf 82' lang='lat' dir='ltr'><strong>peramanter</strong></span> <span class='ocrx_word' id='word_1_114' title='bbox 1143 2057 1342 2136; x_wconf 85' lang='lat' dir='ltr'><strong>observant</strong></span> 
     </span>
     <span class='ocr_line' id='line_1_15' title="bbox 338 2181 1346 2286; baseline 0.002 -28"><span class='ocrx_word' id='word_1_115' title='bbox 338 2181 413 2258; x_wconf 86' lang='lat' dir='ltr'><strong>Vbi</strong></span> <span class='ocrx_word' id='word_1_116' title='bbox 425 2184 600 2261; x_wconf 81' lang='lat' dir='ltr'><strong>&#39;salutatio</strong></span> <span class='ocrx_word' id='word_1_117' title='bbox 628 2183 774 2260; x_wconf 85' lang='lat' dir='ltr'><strong>defluxit</strong></span> <span class='ocrx_word' id='word_1_118' title='bbox 780 2243 790 2286; x_wconf 82' lang='lat'>‚</span> <span class='ocrx_word' id='word_1_119' title='bbox 806 2185 915 2260; x_wconf 87' lang='lat' dir='ltr'><strong>literis</strong></span> <span class='ocrx_word' id='word_1_120' title='bbox 933 2212 991 2264; x_wconf 85' lang='lat' dir='ltr'><strong>me</strong></span> <span class='ocrx_word' id='word_1_121' title='bbox 1008 2181 1168 2286; x_wconf 85' lang='lat' dir='ltr'><strong>involvo,</strong></span> <span class='ocrx_word' id='word_1_122' title='bbox 1183 2198 1245 2258; x_wconf 89' lang='lat' dir='ltr'><strong>aut</strong></span> <span class='ocrx_word' id='word_1_123' title='bbox 1260 2187 1346 2260; x_wconf 89' lang='lat' dir='ltr'><strong>sori·</strong></span> 
     </span>
     <span class='ocr_line' id='line_1_16' title="bbox 329 2309 1437 2422; baseline 0 -34"><span class='ocrx_word' id='word_1_124' title='bbox 329 2310 407 2414; x_wconf 77' lang='lat' dir='ltr'><strong>.bo‚,</strong></span> <span class='ocrx_word' id='word_1_125' title='bbox 438 2325 500 2412; x_wconf 75' lang='lat' dir='ltr'><strong>aut</strong></span> <span class='ocrx_word' id='word_1_126' title='bbox 530 2312 619 2414; x_wconf 81' lang='lat' dir='ltr'><strong>lego.</strong></span> <span class='ocrx_word' id='word_1_127' title='bbox 641 2313 806 2418; x_wconf 25' lang='lat' dir='ltr'><strong>,Veniunt</strong></span> <span class='ocrx_word' id='word_1_128' title='bbox 839 2315 946 2388; x_wconf 89' lang='lat' dir='ltr'><strong>etiam</strong></span> <span class='ocrx_word' id='word_1_129' title='bbox 975 2312 1036 2422; x_wconf 84' lang='lat' dir='ltr'><strong>qui</strong></span> <span class='ocrx_word' id='word_1_130' title='bbox 1060 2339 1119 2387; x_wconf 87' lang='lat' dir='ltr'><strong>me</strong></span> <span class='ocrx_word' id='word_1_131' title='bbox 1142 2309 1286 2388; x_wconf 84' lang='lat' dir='ltr'><strong>audiant</strong></span> <span class='ocrx_word' id='word_1_132' title='bbox 1300 2329 1345 2413; x_wconf 80' lang='lat'><strong>²¹,</strong></span> <span class='ocrx_word' id='word_1_133' title='bbox 1436 2382 1437 2418; x_wconf 35' lang='lat'>3</span> 
     </span>
     <span class='ocr_line' id='line_1_17' title="bbox 329 2421 1437 2543; baseline -0.001 -24"><span class='ocrx_word' id='word_1_134' title='bbox 329 2440 441 2541; x_wconf 71' lang='lat' dir='ltr'><strong>quoai</strong></span> <span class='ocrx_word' id='word_1_135' title='bbox 465 2439 612 2526; x_wconf 87' lang='lat' dir='ltr'><strong>doctum</strong></span> <span class='ocrx_word' id='word_1_136' title='bbox 635 2439 837 2542; x_wconf 83' lang='lat' dir='ltr'><strong>hominem,</strong></span> <span class='ocrx_word' id='word_1_137' title='bbox 866 2442 947 2543; x_wconf 86' lang='lat' dir='ltr'><strong>quia</strong></span> <span class='ocrx_word' id='word_1_138' title='bbox 971 2439 1092 2542; x_wconf 88' lang='lat' dir='ltr'><strong>paullo</strong></span> <span class='ocrx_word' id='word_1_139' title='bbox 1117 2465 1214 2542; x_wconf 82' lang='lat' dir='ltr'><strong>aum,</strong></span> <span class='ocrx_word' id='word_1_140' title='bbox 1239 2466 1346 2543; x_wconf 85' lang='lat' dir='ltr'><strong>quam</strong></span> <span class='ocrx_word' id='word_1_141' title='bbox 1436 2421 1437 2449; x_wconf 46' lang='lat'>¹</span> 
     </span>
     <span class='ocr_line' id='line_1_18' title="bbox 339 2566 1345 2669; baseline 0.001 -31"><span class='ocrx_word' id='word_1_142' title='bbox 339 2566 426 2666; x_wconf 79' lang='lat' dir='ltr'><strong>ipsi,</strong></span> <span class='ocrx_word' id='word_1_143' title='bbox 459 2567 607 2644; x_wconf 88' lang='lat' dir='ltr'><strong>doctior.</strong></span> <span class='ocrx_word' id='word_1_144' title='bbox 640 2567 730 2642; x_wconf 88' lang='lat' dir='ltr'><strong>lnde</strong></span> <span class='ocrx_word' id='word_1_145' title='bbox 766 2569 907 2669; x_wconf 82' lang='lat' dir='ltr'><strong>corpori</strong></span> <span class='ocrx_word' id='word_1_146' title='bbox 938 2593 1043 2644; x_wconf 92' lang='lat' dir='ltr'><strong>omne</strong></span> <span class='ocrx_word' id='word_1_147' title='bbox 1067 2581 1209 2668; x_wconf 79' lang='lat' dir='ltr'><strong>tempus</strong></span> <span class='ocrx_word' id='word_1_148' title='bbox 1234 2567 1345 2644; x_wconf 71' lang='lat' dir='ltr'><strong>daur.</strong></span> 
     </span>
     <span class='ocr_line' id='line_1_19' title="bbox 341 2693 1344 2802; baseline 0.005 -39"><span class='ocrx_word' id='word_1_149' title='bbox 341 2693 497 2802; x_wconf 75' lang='lat' dir='ltr'><strong>l&#39;atriam</strong></span> <span class='ocrx_word' id='word_1_150' title='bbox 532 2693 625 2767; x_wconf 81' lang='lat' dir='ltr'><strong>eluxi</strong></span> <span class='ocrx_word' id='word_1_151' title='bbox 659 2695 729 2768; x_wconf 88' lang='lat' dir='ltr'><strong>iam</strong></span> <span class='ocrx_word' id='word_1_152' title='bbox 762 2709 798 2769; x_wconf 89' lang='lat' dir='ltr'><strong>et</strong></span> <span class='ocrx_word' id='word_1_153' title='bbox 832 2695 969 2794; x_wconf 80' lang='lat' dir='ltr'><strong>gravius</strong></span> <span class='ocrx_word' id='word_1_154' title='bbox 995 2708 1031 2769; x_wconf 86' lang='lat' dir='ltr'><strong>et</strong></span> <span class='ocrx_word' id='word_1_155' title='bbox 1055 2693 1185 2768; x_wconf 82' lang='lat' dir='ltr'><strong>diutine</strong></span> <span class='ocrx_word' id='word_1_156' title='bbox 1197 2749 1209 2794; x_wconf 86' lang='lat'>,</span> <span class='ocrx_word' id='word_1_157' title='bbox 1242 2719 1344 2798; x_wconf 86' lang='lat' dir='ltr'><strong>quam</strong></span> 
     </span>
     <span class='ocr_line' id='line_1_20' title="bbox 333 2814 1345 2921; baseline 0.009 -36"><span class='ocrx_word' id='word_1_158' title='bbox 333 2814 413 2908; x_wconf 89' lang='lat' dir='ltr'><strong>ulla</strong></span> <span class='ocrx_word' id='word_1_159' title='bbox 438 2831 550 2891; x_wconf 88' lang='lat' dir='ltr'><strong>mater</strong></span> <span class='ocrx_word' id='word_1_160' title='bbox 574 2823 718 2893; x_wconf 87' lang='lat' dir='ltr'><strong>unicum</strong></span> <span class='ocrx_word' id='word_1_161' title='bbox 746 2819 865 2894; x_wconf 88' lang='lat' dir='ltr'><strong>filium.</strong></span> <span class='ocrx_word' id='word_1_162' title='bbox 892 2821 963 2896; x_wconf 91' lang='lat' dir='ltr'><strong>Sed</strong></span> <span class='ocrx_word' id='word_1_163' title='bbox 988 2846 1088 2921; x_wconf 87' lang='lat' dir='ltr'><strong>cura,</strong></span> <span class='ocrx_word' id='word_1_164' title='bbox 1105 2822 1135 2894; x_wconf 83' lang='lat' dir='ltr'><strong>si</strong></span> <span class='ocrx_word' id='word_1_165' title='bbox 1150 2845 1209 2894; x_wconf 93' lang='lat' dir='ltr'><strong>me</strong></span> <span class='ocrx_word' id='word_1_166' title='bbox 1234 2847 1345 2919; x_wconf 81' lang='lat' dir='ltr'><strong>amaa,</strong></span> 
     </span>
     <span class='ocr_line' id='line_1_21' title="bbox 332 2937 1346 3048; baseline 0.007 -36"><span class='ocrx_word' id='word_1_167' title='bbox 332 2951 384 3044; x_wconf 24' lang='lat' dir='ltr'><strong>&#39;ut</strong></span> <span class='ocrx_word' id='word_1_168' title='bbox 408 2937 546 3044; x_wconf 79' lang='lat' dir='ltr'><strong>valeas3</strong></span> <span class='ocrx_word' id='word_1_169' title='bbox 570 2970 615 3022; x_wconf 87' lang='lat' dir='ltr'><strong>ne</strong></span> <span class='ocrx_word' id='word_1_170' title='bbox 641 2971 724 3046; x_wconf 85' lang='lat' dir='ltr'><strong>ego,</strong></span> <span class='ocrx_word' id='word_1_171' title='bbox 748 2961 794 3020; x_wconf 81' lang='lat' dir='ltr'><strong>te&#39;</strong></span> <span class='ocrx_word' id='word_1_172' title='bbox 808 2947 945 3025; x_wconf 90' lang='lat' dir='ltr'><strong>iacente</strong></span> <span class='ocrx_word' id='word_1_173' title='bbox 959 2964 1002 3048; x_wconf 82' lang='lat'><strong>²²,</strong></span> <span class='ocrx_word' id='word_1_174' title='bbox 1024 2947 1118 3022; x_wconf 91' lang='lat' dir='ltr'><strong>bona</strong></span> <span class='ocrx_word' id='word_1_175' title='bbox 1144 2960 1208 3020; x_wconf 87' lang='lat' dir='ltr'><strong>tun</strong></span> <span class='ocrx_word' id='word_1_176' title='bbox 1233 2971 1346 3022; x_wconf 85' lang='lat' dir='ltr'><strong>eome-</strong></span> 
     </span>
     <span class='ocr_line' id='line_1_22' title="bbox 333 3063 1344 3184; baseline 0.01 -44"><span class='ocrx_word' id='word_1_177' title='bbox 333 3063 417 3159; x_wconf 77' lang='lat' dir='ltr'><strong>jdim</strong></span> <span class='ocrx_word' id='word_1_178' title='bbox 436 3069 476 3142; x_wconf 82' lang='lat'><strong>²³.</strong></span> <span class='ocrx_word' id='word_1_179' title='bbox 501 3069 615 3144; x_wconf 89' lang='lat' dir='ltr'><strong>Statui</strong></span> <span class='ocrx_word' id='word_1_180' title='bbox 641 3074 738 3182; x_wconf 80' lang='lat' dir='ltr'><strong>enim</strong></span> <span class='ocrx_word' id='word_1_181' title='bbox 761 3072 825 3148; x_wconf 92' lang='lat' dir='ltr'><strong>tibi</strong></span> <span class='ocrx_word' id='word_1_182' title='bbox 849 3101 895 3148; x_wconf 92' lang='lat' dir='ltr'><strong>ne</strong></span> <span class='ocrx_word' id='word_1_183' title='bbox 921 3090 1066 3183; x_wconf 76' lang='lat' dir='ltr'><strong>aegroto</strong></span> <span class='ocrx_word' id='word_1_184' title='bbox 1096 3074 1243 3184; x_wconf 84' lang='lat' dir='ltr'><strong>quidem</strong></span> <span class='ocrx_word' id='word_1_185' title='bbox 1266 3101 1344 3176; x_wconf 85' lang='lat' dir='ltr'><strong>par·</strong></span> 
     </span>
     <span class='ocr_line' id='line_1_23' title="bbox 340 3219 431 3284; baseline -0.022 -14"><span class='ocrx_word' id='word_1_186' title='bbox 340 3219 431 3284; x_wconf 74' lang='lat' dir='ltr'><strong>uere.</strong></span> 
     </span>
    </p>
   </div>
   <div class='ocr_carea' id='block_1_2' title="bbox 768 3454 1320 3588">
    <p class='ocr_par' dir='ltr' id='par_1_2' title="bbox 768 3454 1320 3588">
     <span class='ocr_line' id='line_1_24' title="bbox 768 3454 1320 3588; baseline 0.022 -59"><span class='ocrx_word' id='word_1_187' title='bbox 768 3454 942 3588; x_wconf 82' lang='lat' dir='ltr'><strong>CDLVtt</strong></span> <span class='ocrx_word' id='word_1_188' title='bbox 1013 3515 1018 3526; x_wconf 77' lang='lat'><em>-</em></span> <span class='ocrx_word' id='word_1_189' title='bbox 1076 3493 1130 3554; x_wconf 77' lang='lat' dir='ltr'><strong>&lt;aa</strong></span> <span class='ocrx_word' id='word_1_190' title='bbox 1144 3494 1320 3555; x_wconf 57' lang='lat' dir='ltr'><strong>marmio)</strong></span> 
     </span>
    </p>
   </div>
   <div class='ocr_carea' id='block_1_3' title="bbox 337 3625 1339 3834">
    <p class='ocr_par' dir='ltr' id='par_1_3' title="bbox 337 3625 1339 3834">
     <span class='ocr_line' id='line_1_25' title="bbox 345 3625 1339 3718; baseline 0.007 -34"><span class='ocrx_word' id='word_1_191' title='bbox 345 3625 555 3713; x_wconf 75' lang='lat' dir='ltr'><strong>Argumentum</strong></span> <span class='ocrx_word' id='word_1_192' title='bbox 575 3627 791 3704; x_wconf 83' lang='lat' dir='ltr'><strong>Praenuntiat,</strong></span> <span class='ocrx_word' id='word_1_193' title='bbox 817 3655 847 3694; x_wconf 79' lang='lat' dir='ltr'><strong>se</strong></span> <span class='ocrx_word' id='word_1_194' title='bbox 873 3633 919 3694; x_wconf 84' lang='lat' dir='ltr'><strong>vel</strong></span> <span class='ocrx_word' id='word_1_195' title='bbox 941 3636 1072 3698; x_wconf 74' lang='lat' dir='ltr'><strong>erastino</strong></span> <span class='ocrx_word' id='word_1_196' title='bbox 1092 3633 1140 3693; x_wconf 88' lang='lat' dir='ltr'><strong>die</strong></span> <span class='ocrx_word' id='word_1_197' title='bbox 1161 3633 1210 3696; x_wconf 81' lang='lat' dir='ltr'><strong>vel</strong></span> <span class='ocrx_word' id='word_1_198' title='bbox 1232 3651 1339 3718; x_wconf 82' lang='lat' dir='ltr'><strong>propa·</strong></span> 
     </span>
     <span class='ocr_line' id='line_1_26' title="bbox 337 3729 867 3834; baseline 0.013 -41"><span class='ocrx_word' id='word_1_199' title='bbox 337 3827 340 3834; x_wconf 23' lang='lat'><strong><em>¹</em></strong></span> <span class='ocrx_word' id='word_1_200' title='bbox 385 3729 464 3794; x_wconf 88' lang='lat' dir='ltr'><strong>diem</strong></span> <span class='ocrx_word' id='word_1_201' title='bbox 485 3730 523 3795; x_wconf 86' lang='lat' dir='ltr'><strong>ad</strong></span> <span class='ocrx_word' id='word_1_202' title='bbox 544 3733 670 3800; x_wconf 84' lang='lat' dir='ltr'><strong>Paetum</strong></span> <span class='ocrx_word' id='word_1_203' title='bbox 692 3749 867 3804; x_wconf 87' lang='lat' dir='ltr'><strong>venturum.</strong></span> 
     </span>
    </p>
   </div>
   <div class='ocr_carea' id='block_1_4' title="bbox 0 0 1454 4956">
    <p class='ocr_par' dir='ltr' id='par_1_4' title="bbox 0 0 1454 4956">
     <span class='ocr_line' id='line_1_27' title="bbox 0 0 1454 4956; baseline 0 0"><span class='ocrx_word' id='word_1_204' title='bbox 0 0 1454 4956; x_wconf 95' lang='lat' dir='ltr'><strong> </strong></span> 
     </span>
    </p>
   </div>
  </div>
 </body>
</html>
