2910 4962
520 407 555 454 m
582 401 771 454 nmsroms
1083 378 1155 476 415

139 513 160 574 8
181 510 379 591 Relinquetur
406 505 489 592 apud
508 507 670 590 Egnatium
690 506 897 590 Trapenitam,
919 516 954 566 ut
976 517 1028 568 est.
1054 507 1084 566 A
1103 483 1155 568 ¹rue

181 619 240 680 seii.
261 636 330 678 meo
350 617 488 701 nomine,
507 635 576 676 meo
596 613 748 698 perieul03
770 635 816 698 ep.
837 613 902 677 CX.

139 751 160 812 9
181 727 263 788 Inter
280 724 461 806 Pompeium
481 733 511 784 et
531 722 688 784 Caesarem
710 720 749 780 ad
769 719 979 814 Dyrrachium.

144 857 179 898 ro
200 834 371 915 Pompeius.
402 828 525 892 Garrod.
547 830 635 892 amb.
662 828 698 891 16
725 829 750 888 is
777 828 921 892 maxine.
949 826 1056 890 Paullo
1081 839 1150 910 post

179 961 236 1027 pro
256 940 410 1024 opinantes
431 937 481 999 ulii
499 939 614 1023 opinor.
1279 929 1285 937 “

143 1073 174 1112 ιι
199 1051 267 1132 lpse
287 1048 340 1109 des
357 1048 458 1109 literas
471 1048 592 1108 nomine
605 1067 682 1108 men.
697 1044 767 1109 Vid.
782 1043 822 1106 ad
837 1065 884 1130 ep.
903 1031 1149 1107 CCCLXXXVll

180 1168 244 1219 extr

143 1287 178 1327 η
200 1261 326 1325 Tulliae.
351 1261 475 1324 Corrad.
496 1261 553 1322 Ed.
574 1263 648 1322 lens.
670 1282 706 1322 ne
726 1223 803 1343 quid
821 1261 854 1322 in
873 1281 910 1322 ea
923 1281 954 1322 ru
969 1259 1052 1323 desit.
1067 1227 1149 1321 Tum

179 1393 271 1456 supra
290 1371 331 1432 In
347 1371 455 1454 primis
475 1390 550 1464 vern.

559 1582 726 1644 cccxcn.
739 1659 752 1684 ι

142 1823 152 1863 r
177 1799 294 1884 Tullia,
321 1798 448 1882 seilinet3
475 1819 521 1882 ep.
548 1797 809 1860 CCCLXXXVll.
836 1794 949 1858 Ernert.
976 1795 1033 1856 Ed.
1060 1797 1147 1859 Rom.

177 1918 353 1972 sustentetur
367 1907 480 1989 partim
486 1929 498 1980 ‚¹
521 1907 595 1966 lens.
614 1905 726 1988 panim
746 1905 783 1965 de
803 1906 980 1966 Fmsinatis.

139 2041 157 2082 n
180 2019 248 2079 Hoc
261 2029 320 2100 est,
341 2017 379 2080 de
401 2016 495 2076 fundo
515 2015 682 2098 Frusinati,
701 2034 793 2096 quem
806 2014 923 2098 pridem
937 2013 1070 2112 vendidi,
1083 2001 1171 2097 pers

178 2135 385 2211 opportunum
406 2121 479 2184 mihi
500 2143 579 2183 nuno
600 2132 644 2183 est
664 2143 735 2184 eum
756 2121 919 2203 redimere,
939 2123 962 2182 si
982 2121 1074 2184 modo
1095 2122 1149 2183 du-

177 2211 274 2295 raturi
293 2253 396 2294 sumus
417 2230 589 2294 incolumes.
611 2231 678 2292 lloo
697 2241 781 2316 patet
807 2251 845 2292 ex
865 2252 912 2314 ep.
934 2230 1073 2294 CDVlll:
1100 2231 1149 2292 De

167 2339 270 2422 suado
291 2339 447 2402 raama
465 2317 637 2399 marmanda
659 2336 838 2420 iampridem
858 2339 1032 2398 ructuasse
1049 2337 1149 2399 antun-

180 2459 270 2508 mrem
289 2468 396 2508 measa.

143 2555 161 2615 3
182 2555 245 2615 rm
265 2553 439 2638 aliquando.

139 2665 159 2741 4
180 2663 288 2724 Tueor
306 2675 360 2723 tun
381 2665 410 2722 in
431 2661 539 2744 Epiro,
557 2679 596 2722 ne
609 2657 681 2742 quid
695 2657 802 2720 milites
814 2658 988 2742 Pompeiani
999 2657 1147 2742 diripiant

125 2770 160 2832 ‘5
182 2771 297 2854 Supple
323 2783 414 2831 euml.
435 2769 590 2830 Ernestiua
610 2765 768 2851 supplebat
787 2767 922 2828 nonalis
945 2789 1038 2853 quarn
1057 2767 1102 2828 ad
1121 2781 1148 2830 te

180 2877 293 2938 vener-it.
315 2877 376 2938 Sed
396 2877 450 2938 hos
470 2876 569 2938 literas
590 2873 721 2954 Isidoro,
741 2895 803 2936 non
824 2873 920 2936 Celeri
941 2873 1024 2936 dedit
1037 2875 1148 2960 perier·

180 2983 296 3046 tendas.
323 2985 454 3062 Quintus
481 2983 573 3046 Pilius
600 2982 687 3046 Celer
713 2985 948 3071 consanguineus
971 2995 1036 3044 erat
1055 2984 1148 3045 Piliae

181 3093 269 3150 Attici
283 3093 398 3174 uxoris3
420 3113 466 3175 ep.
488 3090 640 3151 CCCLXl.
662 3088 718 3150 Alii
743 3089 828 3154 Celer
845 3093 918 3173 ipsa
939 3092 1027 3176 Fugi.
1048 3093 1149 3153 Mure·

181 3207 230 3258 tus
250 3217 323 3260 varo
342 3198 462 3281 legebat
484 3197 616 3262 (karum
636 3199 700 3281 ipae
709 3197 798 3280 fingi,
826 3202 934 3261 omisso
962 3199 1072 3262 Celeris
1092 3219 1148 3260 no·

182 3309 270 3368 mine.
291 3305 446 3368 Manutius
465 3319 565 3368 tamen
587 3327 624 3368 ax
645 3309 767 3389 antiquo
788 3307 854 3370 ond.
879 3307 967 3370 affert
992 3307 1148 3369 lectionem

185 3413 289 3475 Cetera
306 3415 381 3475 ecto.

141 3521 162 3582 6
179 3521 301 3582 Proelio
320 3521 524 3603 Dyrrachino,
544 3544 606 3606 quo
626 3523 761 3607 Pompeii
782 3523 903 3584 fortuna
922 3524 1058 3605 superior
1078 3523 1148 3600 fuit,

182 3639 212 3689 et
232 3639 349 3689 tantum
366 3627 494 3690 fiduciae
508 3651 543 3690 ac
557 3633 675 3712 spiritus
688 3631 878 3714 Pompeianis
891 3633 1026 3716 accessit,
1041 3641 1147 3691 utnon

182 3733 220 3796 da
242 3738 355 3797 ratione
376 3736 445 3798 belli
466 3741 646 3818 cogitarent,
668 3738 721 3802 sed
741 3741 842 3800 vicisse
860 3741 919 3800 iam
941 3738 995 3798 sibi
1016 3737 1149 3798 videren-

183 3853 248 3922 tur3
263 3845 345 3906 Caes.
361 3844 431 3906 Bell.
446 3845 508 3905 civ.
524 3847 581 3925 lll,
598 3868 646 3928 7²·
661 3846 730 3909 vid.
753 3847 792 3908 ad
812 3869 859 3932 ep.
882 3845 1097 3930 cccxcviii,
1118 3845 1146 3907 3.

138 3967 153 4024 7
178 3949 306 4032 Propter
328 3953 451 4014 relatam
472 3955 632 4016 victoriam.
