2864 4950
338 471 387 568 84
476 504 482 519 ,
700 491 873 546 emersas
897 495 989 543 ooxr.
1114 489 1145 539 a.
1163 492 1200 540 v.
1215 492 1245 538 o
1264 489 1312 552 με

338 596 563 672 delectarent
587 597 666 669 Etsi
679 598 710 648 ¹⁵
727 595 870 698 quidam
894 595 1035 696 scripsit
1053 591 1099 667 ad
1116 617 1173 666 me
1190 589 1248 665 his
1264 617 1339 666 ver·

337 723 409 798 his:
435 759 452 791 a
476 723 572 824 Ego,
598 734 638 795 ut
660 723 699 794 in
723 719 778 796 his
802 719 918 821 malis,
941 721 1056 796 Patris
1081 743 1160 794 sum
1185 742 1261 791 uon
1285 719 1339 790 iu·

346 884 363 915 u
389 851 497 924 vitus:
522 876 634 924 essem
658 847 841 950 libentius,
872 849 901 924 si
929 849 1036 922 frater
1060 859 1140 920 tuus
1166 870 1207 918 ea
1233 845 1339 918 dete

345 1013 362 1044 u
386 974 605 1078 loqueretur,
636 1001 726 1080 quae
758 999 823 1073 ego
856 973 976 1050 audire
1009 971 1143 1056 vellem.
1178 1003 1197 1036 n
1229 969 1339 1066 Quod

337 1103 406 1202 ais,
437 1102 537 1179 illum
569 1102 615 1176 ad
646 1116 682 1174 te
707 1101 876 1200 scribere,
906 1126 963 1174 me
988 1098 1056 1174 sibi
1079 1097 1193 1174 nullas
1217 1095 1338 1172 literas

336 1231 536 1325 remittere3
567 1227 675 1306 semel
700 1227 746 1304 ab
769 1229 849 1330 ipso
875 1227 1013 1330 accepi:
1042 1225 1172 1302 adeas
1198 1222 1338 1325 Cepha-

336 1353 424 1427 lioni
448 1353 547 1452 dedi,
578 1355 640 1454 qui
671 1353 802 1428 multos
826 1379 964 1428 meuses
988 1349 1257 1453 tempestatibus
1283 1375 1337 1424 re·

337 1490 453 1551 tentus
485 1491 546 1552 est
585 1478 757 1570 Quintum
796 1479 905 1553 filium
938 1479 984 1553 ad
1021 1504 1079 1551 me
1114 1473 1337 1551 acerbissime

336 1605 531 1704 scripsisse,
555 1605 625 1677 iam
651 1618 733 1678 ante
759 1603 804 1679 ad
831 1619 865 1679 te
890 1605 1014 1706 scripsi
1033 1605 1072 1676 ¹⁶.

386 1729 408 1804 3
434 1731 640 1804 Extremum
666 1745 735 1831 est,
767 1730 866 1835 quod
890 1744 925 1804 te
950 1755 1065 1830 orem,
1096 1731 1127 1805 si
1152 1743 1257 1832 putas
1283 1755 1337 1802 oe·

336 1868 433 1930 ctum
465 1882 563 1958 esse,
595 1871 632 1930 et
657 1883 677 1932 a
704 1873 739 1932 te
764 1858 894 1961 suscipi
925 1882 1049 1960 posse,
1081 1883 1163 1931 oum
1187 1853 1338 1932 Camillo

336 1983 594 2080 communices,
625 1995 667 2058 ut
699 1984 902 2058 Terentiam
933 1983 1108 2060 moneatis
1147 1983 1192 2057 de
1228 1995 1338 2058 testa-

333 2119 455 2180 mento
468 2123 510 2180 ²⁷.
526 2108 704 2211 Tempora
728 2123 893 2210 monent,
916 2124 959 2185 ut
982 2110 1116 2209 videat,
1138 2121 1180 2184 ut
1204 2108 1340 2184 satisfa-

334 2232 423 2332 ciat,
447 2231 574 2334 quibus
600 2235 736 2310 debeat
767 2235 937 2312 Auditum
970 2263 1013 2310 ox
1040 2234 1234 2310 Philotimo
1259 2249 1339 2336 est,

334 2382 412 2431 eam
437 2357 605 2435 scelerate
628 2361 802 2466 quaedam
821 2361 934 2437 facem
947 2363 987 2436 ¹⁸.
1004 2359 1179 2437 Credibile
1195 2361 1255 2436 vix
1270 2375 1338 2436 est.

334 2483 405 2558 Sed
431 2501 542 2590 certe,
567 2489 596 2562 si
621 2488 707 2594 quid
733 2503 804 2590 est,
835 2487 937 2594 quod·
960 2489 1034 2564 fieri
1059 2489 1189 2590 possit,
1213 2489 1338 2588 provi·

333 2610 490 2686 deudum
515 2628 576 2687 est
601 2615 654 2688 De
680 2615 843 2692 omuibus
869 2615 972 2692 rebus
989 2611 1094 2688 velim
1115 2611 1161 2688 ad
1178 2639 1235 2686 me
1254 2615 1339 2687 sori·

331 2733 412 2835 bas,
429 2750 468 2825 et
482 2741 634 2817 maxime
652 2737 696 2816 de
713 2766 754 2814 ea
768 2758 817 2842 ¹95
831 2744 868 2814 iu
890 2767 962 2844 quo
986 2757 1047 2821 tuo
1069 2739 1216 2816 consilio
1234 2763 1340 2842 egeo,

331 2859 438 2934 etiam
469 2862 500 2935 si
532 2863 620 2938 nihil
651 2868 844 2968 excogitas:
876 2866 916 2942 id
943 2869 1037 2947 euim
1061 2867 1147 2954 mihi
1172 2867 1240 2942 erit
1264 2891 1337 2968 pro

331 2982 517 3086 desperato
534 3004 576 3063 ²⁰.
600 2991 653 3064 111
678 2991 799 3068 Nouae
823 2994 898 3067 qu.

762 3249 908 3324 CDXH·
1056 3290 1109 3348 (aa
1125 3289 1174 3368 arr.
1192 3289 1240 3346 xr,
1260 3291 1311 3349 η)

328 3415 546 3496 Amoenus.
566 3421 702 3488 Breviter
715 3425 848 3488 Tuttiam
869 3427 1024 3490 advenisse
1046 3427 1179 3502 nuntiat,
1200 3435 1231 3486 at
1254 3425 1334 3508 quid

367 3519 405 3584 de
426 3523 560 3588 Caesaris
580 3528 670 3594 rebus
691 3531 840 3606 audierit,
861 3533 960 3599 refert.
