<?xml version="1.0" encoding="UTF-8"?>
<!DOCTYPE html PUBLIC "-//W3C//DTD XHTML 1.0 Transitional//EN"
    "http://www.w3.org/TR/xhtml1/DTD/xhtml1-transitional.dtd">
<html xmlns="http://www.w3.org/1999/xhtml" xml:lang="en" lang="en">
 <head>
  <title>
</title>
<meta http-equiv="Content-Type" content="text/html;charset=utf-8" />
  <meta name='ocr-system' content='tesseract 3.04.00' />
  <meta name='ocr-capabilities' content='ocr_page ocr_carea ocr_par ocr_line ocrx_word'/>
</head>
<body>
  <div class='ocr_page' id='page_1' title='image "./mtulliiciceroni66cicegoog/mtulliiciceroni66cicegoog_0293.png"; bbox 0 0 2910 4954; ppageno 0'>
   <div class='ocr_carea' id='block_1_1' title="bbox 329 413 1278 490">
    <p class='ocr_par' dir='ltr' id='par_1_1' title="bbox 329 413 1278 490">
     <span class='ocr_line' id='line_1_1' title="bbox 329 413 1278 490; baseline -0.015 -4"><span class='ocrx_word' id='word_1_1' title='bbox 329 413 377 486; x_wconf 87' lang='grc'><strong>88</strong></span> <span class='ocrx_word' id='word_1_2' title='bbox 445 463 448 468; x_wconf 88' lang='grc'>-</span> <span class='ocrx_word' id='word_1_3' title='bbox 636 423 803 475; x_wconf 79' lang='grc' dir='ltr'>ιιιιιοιι</span> <span class='ocrx_word' id='word_1_4' title='bbox 832 425 969 474; x_wconf 76' lang='lat' dir='ltr'><strong>comm.</strong></span> <span class='ocrx_word' id='word_1_5' title='bbox 1088 425 1118 474; x_wconf 78' lang='grc' dir='ltr'><strong>ι.</strong></span> <span class='ocrx_word' id='word_1_6' title='bbox 1131 429 1164 474; x_wconf 88' lang='lat' dir='ltr'><strong>v.</strong></span> <span class='ocrx_word' id='word_1_7' title='bbox 1183 427 1212 474; x_wconf 86' lang='lat' dir='ltr'><strong>c.</strong></span> <span class='ocrx_word' id='word_1_8' title='bbox 1233 441 1278 490; x_wconf 73' lang='lat' dir='ltr'><strong>rr</strong></span> 
     </span>
    </p>
   </div>
   <div class='ocr_carea' id='block_1_2' title="bbox 182 525 1304 633">
    <p class='ocr_par' dir='ltr' id='par_1_2' title="bbox 182 525 1304 633">
     <span class='ocr_line' id='line_1_2' title="bbox 182 525 1304 633; baseline -0.004 -27"><span class='ocrx_word' id='word_1_9' title='bbox 182 595 184 606; x_wconf 93' lang='lat'><em>.</em></span> <span class='ocrx_word' id='word_1_10' title='bbox 304 559 376 633; x_wconf 88' lang='lat' dir='ltr'><strong>res,</strong></span> <span class='ocrx_word' id='word_1_11' title='bbox 400 557 471 606; x_wconf 92' lang='lat' dir='ltr'><strong>non</strong></span> <span class='ocrx_word' id='word_1_12' title='bbox 497 543 572 605; x_wconf 87' lang='lat' dir='ltr'><strong>erat</strong></span> <span class='ocrx_word' id='word_1_13' title='bbox 596 553 699 603; x_wconf 86' lang='lat' dir='ltr'><strong>causa</strong></span> <span class='ocrx_word' id='word_1_14' title='bbox 724 526 906 602; x_wconf 88' lang='lat' dir='ltr'><strong>invidendi</strong></span> <span class='ocrx_word' id='word_1_15' title='bbox 924 529 957 626; x_wconf 78' lang='lat'><strong>³5</strong></span> <span class='ocrx_word' id='word_1_16' title='bbox 986 528 1052 598; x_wconf 87' lang='lat' dir='ltr'><strong>nisi</strong></span> <span class='ocrx_word' id='word_1_17' title='bbox 1079 525 1167 600; x_wconf 77' lang='lat' dir='ltr'><strong>forte</strong></span> <span class='ocrx_word' id='word_1_18' title='bbox 1194 530 1304 628; x_wconf 88' lang='lat' dir='ltr'><strong>ipsius</strong></span> 
     </span>
    </p>
   </div>
   <div class='ocr_carea' id='block_1_3' title="bbox 242 653 1316 3768">
    <p class='ocr_par' dir='ltr' id='par_1_3' title="bbox 306 653 1313 1897">
     <span class='ocr_line' id='line_1_3' title="bbox 306 653 1312 766; baseline -0.008 -31"><span class='ocrx_word' id='word_1_19' title='bbox 306 659 524 766; x_wconf 76' lang='lat' dir='ltr'><strong>eloquentiae</strong></span> <span class='ocrx_word' id='word_1_20' title='bbox 550 657 678 756; x_wconf 89' lang='lat' dir='ltr'><strong>magis,</strong></span> <span class='ocrx_word' id='word_1_21' title='bbox 703 681 824 758; x_wconf 89' lang='lat' dir='ltr'><strong>quam,</strong></span> <span class='ocrx_word' id='word_1_22' title='bbox 842 653 938 758; x_wconf 91' lang='lat' dir='ltr'><strong>quod</strong></span> <span class='ocrx_word' id='word_1_23' title='bbox 963 681 1019 726; x_wconf 91' lang='lat' dir='ltr'><strong>me</strong></span> <span class='ocrx_word' id='word_1_24' title='bbox 1045 653 1196 754; x_wconf 82' lang='lat' dir='ltr'><strong>audiret,</strong></span> <span class='ocrx_word' id='word_1_25' title='bbox 1220 658 1312 729; x_wconf 88' lang='lat' dir='ltr'><strong>invi-</strong></span> 
     </span>
     <span class='ocr_line' id='line_1_4' title="bbox 307 779 1311 885; baseline -0.006 -25"><span class='ocrx_word' id='word_1_26' title='bbox 307 787 416 862; x_wconf 86' lang='lat' dir='ltr'><strong>deres.</strong></span> <span class='ocrx_word' id='word_1_27' title='bbox 442 785 515 860; x_wconf 90' lang='lat' dir='ltr'><strong>Nos</strong></span> <span class='ocrx_word' id='word_1_28' title='bbox 541 784 634 858; x_wconf 88' lang='lat' dir='ltr'><strong>enim</strong></span> <span class='ocrx_word' id='word_1_29' title='bbox 660 779 778 885; x_wconf 87' lang='lat' dir='ltr'><strong>plane,</strong></span> <span class='ocrx_word' id='word_1_30' title='bbox 803 783 851 854; x_wconf 89' lang='lat' dir='ltr'><strong>mi</strong></span> <span class='ocrx_word' id='word_1_31' title='bbox 877 779 1111 855; x_wconf 78' lang='lat' dir='ltr'><strong>suavissimet</strong></span> <span class='ocrx_word' id='word_1_32' title='bbox 1129 780 1311 880; x_wconf 84' lang='lat' dir='ltr'><strong>Volumni,</strong></span> 
     </span>
     <span class='ocr_line' id='line_1_5' title="bbox 306 905 1311 1010; baseline -0.006 -23"><span class='ocrx_word' id='word_1_33' title='bbox 306 926 368 988; x_wconf 89' lang='lat' dir='ltr'><strong>aut</strong></span> <span class='ocrx_word' id='word_1_34' title='bbox 391 911 480 986; x_wconf 87' lang='lat' dir='ltr'><strong>nihil</strong></span> <span class='ocrx_word' id='word_1_35' title='bbox 504 937 623 985; x_wconf 89' lang='lat' dir='ltr'><strong>sumus</strong></span> <span class='ocrx_word' id='word_1_36' title='bbox 641 911 667 1008; x_wconf 90' lang='lat'><strong>⁵,</strong></span> <span class='ocrx_word' id='word_1_37' title='bbox 692 925 752 984; x_wconf 92' lang='lat' dir='ltr'><strong>aut</strong></span> <span class='ocrx_word' id='word_1_38' title='bbox 778 907 881 983; x_wconf 88' lang='lat' dir='ltr'><strong>nobis</strong></span> <span class='ocrx_word' id='word_1_39' title='bbox 907 907 1049 1010; x_wconf 85' lang='lat' dir='ltr'><strong>quidem</strong></span> <span class='ocrx_word' id='word_1_40' title='bbox 1075 905 1162 1008; x_wconf 90' lang='lat' dir='ltr'><strong>ipsis</strong></span> <span class='ocrx_word' id='word_1_41' title='bbox 1188 905 1311 1008; x_wconf 90' lang='lat' dir='ltr'><strong>displi-</strong></span> 
     </span>
     <span class='ocr_line' id='line_1_6' title="bbox 307 1033 1312 1140; baseline -0.006 -26"><span class='ocrx_word' id='word_1_42' title='bbox 307 1065 446 1140; x_wconf 84' lang='lat' dir='ltr'><strong>cemus,</strong></span> <span class='ocrx_word' id='word_1_43' title='bbox 470 1036 662 1139; x_wconf 81' lang='lat' dir='ltr'><strong>gregalibus</strong></span> <span class='ocrx_word' id='word_1_44' title='bbox 686 1035 754 1110; x_wconf 91' lang='lat' dir='ltr'><strong>illis</strong></span> <span class='ocrx_word' id='word_1_45' title='bbox 765 1039 792 1135; x_wconf 80' lang='lat'><strong>⁶,</strong></span> <span class='ocrx_word' id='word_1_46' title='bbox 817 1035 961 1138; x_wconf 86' lang='lat' dir='ltr'><strong>quibus,</strong></span> <span class='ocrx_word' id='word_1_47' title='bbox 979 1049 1013 1108; x_wconf 91' lang='lat' dir='ltr'><strong>te</strong></span> <span class='ocrx_word' id='word_1_48' title='bbox 1034 1033 1244 1135; x_wconf 77' lang='lat' dir='ltr'><strong>plaudente,</strong></span> <span class='ocrx_word' id='word_1_49' title='bbox 1262 1037 1312 1108; x_wconf 91' lang='lat' dir='ltr'><strong>vi-</strong></span> 
     </span>
     <span class='ocr_line' id='line_1_7' title="bbox 309 1160 1310 1266; baseline -0.004 -26"><span class='ocrx_word' id='word_1_50' title='bbox 309 1166 495 1266; x_wconf 89' lang='lat' dir='ltr'><strong>gebamus,</strong></span> <span class='ocrx_word' id='word_1_51' title='bbox 529 1166 683 1263; x_wconf 86' lang='lat' dir='ltr'><strong>amissis;</strong></span> <span class='ocrx_word' id='word_1_52' title='bbox 715 1177 755 1238; x_wconf 93' lang='lat' dir='ltr'><strong>ut</strong></span> <span class='ocrx_word' id='word_1_53' title='bbox 788 1165 916 1262; x_wconf 87' lang='lat' dir='ltr'><strong>etiam,</strong></span> <span class='ocrx_word' id='word_1_54' title='bbox 949 1163 978 1236; x_wconf 90' lang='lat' dir='ltr'><strong>si</strong></span> <span class='ocrx_word' id='word_1_55' title='bbox 1007 1160 1151 1264; x_wconf 91' lang='lat' dir='ltr'><strong>quando</strong></span> <span class='ocrx_word' id='word_1_56' title='bbox 1177 1161 1310 1262; x_wconf 89' lang='lat' dir='ltr'><strong>aliquid</strong></span> 
     </span>
     <span class='ocr_line' id='line_1_8' title="bbox 308 1289 1312 1394; baseline -0.005 -27"><span class='ocrx_word' id='word_1_57' title='bbox 308 1294 452 1394; x_wconf 88' lang='lat' dir='ltr'><strong>dignum</strong></span> <span class='ocrx_word' id='word_1_58' title='bbox 477 1307 600 1366; x_wconf 90' lang='lat' dir='ltr'><strong>nostro</strong></span> <span class='ocrx_word' id='word_1_59' title='bbox 625 1291 769 1366; x_wconf 91' lang='lat' dir='ltr'><strong>nomine</strong></span> <span class='ocrx_word' id='word_1_60' title='bbox 793 1290 994 1388; x_wconf 85' lang='lat' dir='ltr'><strong>emisimus,</strong></span> <span class='ocrx_word' id='word_1_61' title='bbox 1015 1289 1312 1388; x_wconf 80' lang='lat' dir='ltr'><strong>ingemiscamus,</strong></span> 
     </span>
     <span class='ocr_line' id='line_1_9' title="bbox 308 1417 1313 1521; baseline -0.004 -29"><span class='ocrx_word' id='word_1_62' title='bbox 308 1418 405 1521; x_wconf 92' lang='lat' dir='ltr'><strong>quod</strong></span> <span class='ocrx_word' id='word_1_63' title='bbox 429 1417 516 1491; x_wconf 91' lang='lat' dir='ltr'><strong>haec</strong></span> <span class='ocrx_word' id='word_1_64' title='bbox 537 1421 745 1518; x_wconf 82' lang='lat' dir='ltr'><strong>pinnigero,</strong></span> <span class='ocrx_word' id='word_1_65' title='bbox 778 1442 853 1489; x_wconf 88' lang='lat' dir='ltr'><strong>non</strong></span> <span class='ocrx_word' id='word_1_66' title='bbox 885 1419 1058 1515; x_wconf 71' lang='lat' dir='ltr'><strong>crinigero</strong></span> <span class='ocrx_word' id='word_1_67' title='bbox 1092 1418 1131 1488; x_wconf 83' lang='lat' dir='ltr'><strong>in</strong></span> <span class='ocrx_word' id='word_1_68' title='bbox 1163 1439 1313 1517; x_wconf 89' lang='lat' dir='ltr'><strong>corpore</strong></span> 
     </span>
     <span class='ocr_line' id='line_1_10' title="bbox 309 1539 1313 1643; baseline -0.001 -27"><span class='ocrx_word' id='word_1_69' title='bbox 309 1545 379 1616; x_wconf 86' lang='lat' dir='ltr'><strong>telo</strong></span> <span class='ocrx_word' id='word_1_70' title='bbox 405 1557 646 1616; x_wconf 78' lang='lat' dir='ltr'><strong>exerceantur</strong></span> <span class='ocrx_word' id='word_1_71' title='bbox 662 1561 688 1642; x_wconf 76' lang='lat' dir='ltr'><strong>a,</strong></span> <span class='ocrx_word' id='word_1_72' title='bbox 719 1556 760 1615; x_wconf 93' lang='lat' dir='ltr'><strong>ut</strong></span> <span class='ocrx_word' id='word_1_73' title='bbox 792 1543 842 1615; x_wconf 89' lang='lat' dir='ltr'><strong>ait</strong></span> <span class='ocrx_word' id='word_1_74' title='bbox 867 1539 1082 1615; x_wconf 79' lang='lat' dir='ltr'><strong>Philoctetes</strong></span> <span class='ocrx_word' id='word_1_75' title='bbox 1115 1540 1212 1643; x_wconf 90' lang='lat' dir='ltr'><strong>apud</strong></span> <span class='ocrx_word' id='word_1_76' title='bbox 1243 1543 1313 1615; x_wconf 83' lang='lat' dir='ltr'><strong>Ac·</strong></span> 
     </span>
     <span class='ocr_line' id='line_1_11' title="bbox 310 1667 1311 1769; baseline -0.004 -26"><span class='ocrx_word' id='word_1_77' title='bbox 310 1671 425 1769; x_wconf 89' lang='lat' dir='ltr'><strong>cium,</strong></span> <span class='ocrx_word' id='word_1_78' title='bbox 458 1668 594 1744; x_wconf 90' lang='lat' dir='ltr'><strong>abiecta</strong></span> <span class='ocrx_word' id='word_1_79' title='bbox 627 1668 736 1768; x_wconf 86' lang='lat' dir='ltr'><strong>gloria</strong></span> <span class='ocrx_word' id='word_1_80' title='bbox 752 1670 777 1741; x_wconf 77' lang='lat'><strong>⁸.</strong></span> <span class='ocrx_word' id='word_1_81' title='bbox 816 1668 885 1741; x_wconf 90' lang='lat' dir='ltr'><strong>Sed</strong></span> <span class='ocrx_word' id='word_1_82' title='bbox 919 1682 1037 1742; x_wconf 87' lang='lat' dir='ltr'><strong>tamen</strong></span> <span class='ocrx_word' id='word_1_83' title='bbox 1070 1670 1188 1742; x_wconf 88' lang='lat' dir='ltr'><strong>omnia</strong></span> <span class='ocrx_word' id='word_1_84' title='bbox 1226 1667 1311 1740; x_wconf 86' lang='lat' dir='ltr'><strong>mihi</strong></span> 
     </span>
     <span class='ocr_line' id='line_1_12' title="bbox 309 1795 1313 1897; baseline -0.008 -27"><span class='ocrx_word' id='word_1_85' title='bbox 309 1809 426 1895; x_wconf 89' lang='lat' dir='ltr'><strong>erunt,</strong></span> <span class='ocrx_word' id='word_1_86' title='bbox 451 1797 481 1870; x_wconf 93' lang='lat' dir='ltr'><strong>si</strong></span> <span class='ocrx_word' id='word_1_87' title='bbox 505 1809 544 1870; x_wconf 91' lang='lat' dir='ltr'><strong>tu</strong></span> <span class='ocrx_word' id='word_1_88' title='bbox 570 1797 726 1896; x_wconf 87' lang='lat' dir='ltr'><strong>veneris,</strong></span> <span class='ocrx_word' id='word_1_89' title='bbox 741 1795 925 1870; x_wconf 89' lang='lat' dir='ltr'><strong>hilariora:</strong></span> <span class='ocrx_word' id='word_1_90' title='bbox 944 1821 1156 1897; x_wconf 81' lang='lat' dir='ltr'><strong>quamquam</strong></span> <span class='ocrx_word' id='word_1_91' title='bbox 1175 1796 1272 1870; x_wconf 90' lang='lat' dir='ltr'><strong>venis</strong></span> <span class='ocrx_word' id='word_1_92' title='bbox 1285 1813 1313 1892; x_wconf 86' lang='lat' dir='ltr'><strong>s,</strong></span> 
     </span>
    </p>

    <p class='ocr_par' dir='ltr' id='par_1_4' title="bbox 242 1922 1316 3768">
     <span class='ocr_line' id='line_1_13' title="bbox 311 1922 1312 2024; baseline 0 -30"><span class='ocrx_word' id='word_1_93' title='bbox 311 1937 350 1995; x_wconf 92' lang='lat' dir='ltr'><strong>ut</strong></span> <span class='ocrx_word' id='word_1_94' title='bbox 374 1924 449 2022; x_wconf 89' lang='lat' dir='ltr'><strong>ipse</strong></span> <span class='ocrx_word' id='word_1_95' title='bbox 474 1922 653 2022; x_wconf 87' lang='lat' dir='ltr'><strong>intelligis,</strong></span> <span class='ocrx_word' id='word_1_96' title='bbox 668 1924 705 1996; x_wconf 93' lang='lat' dir='ltr'><strong>in</strong></span> <span class='ocrx_word' id='word_1_97' title='bbox 723 1923 952 1996; x_wconf 83' lang='lat' dir='ltr'><strong>maximarum</strong></span> <span class='ocrx_word' id='word_1_98' title='bbox 978 1922 1078 2024; x_wconf 81' lang='lat' dir='ltr'><strong>qussi</strong></span> <span class='ocrx_word' id='word_1_99' title='bbox 1103 1947 1312 1996; x_wconf 84' lang='lat' dir='ltr'><strong>concursum</strong></span> 
     </span>
     <span class='ocr_line' id='line_1_14' title="bbox 271 2017 1312 2149; baseline 0.001 -28"><span class='ocrx_word' id='word_1_100' title='bbox 271 2017 276 2041; x_wconf 51' lang='lat'><strong>¹</strong></span> <span class='ocrx_word' id='word_1_101' title='bbox 311 2049 583 2146; x_wconf 80' lang='lat' dir='ltr'><strong>occupationum</strong></span> <span class='ocrx_word' id='word_1_102' title='bbox 602 2063 649 2120; x_wconf 80' lang='lat'><strong>²⁰:</strong></span> <span class='ocrx_word' id='word_1_103' title='bbox 683 2074 769 2149; x_wconf 89' lang='lat' dir='ltr'><strong>quas</strong></span> <span class='ocrx_word' id='word_1_104' title='bbox 794 2049 842 2146; x_wconf 88' lang='lat' dir='ltr'><strong>si,</strong></span> <span class='ocrx_word' id='word_1_105' title='bbox 866 2060 908 2120; x_wconf 89' lang='lat' dir='ltr'><strong>ut</strong></span> <span class='ocrx_word' id='word_1_106' title='bbox 931 2047 1112 2147; x_wconf 88' lang='lat' dir='ltr'><strong>volumus,</strong></span> <span class='ocrx_word' id='word_1_107' title='bbox 1137 2049 1312 2149; x_wconf 85' lang='lat' dir='ltr'><strong>exceperi-</strong></span> 
     </span>
     <span class='ocr_line' id='line_1_15' title="bbox 242 2173 1313 2273; baseline 0.001 -28"><span class='ocrx_word' id='word_1_108' title='bbox 242 2187 244 2194; x_wconf 83' lang='grc'><em>’</em></span> <span class='ocrx_word' id='word_1_109' title='bbox 311 2199 388 2246; x_wconf 89' lang='lat' dir='ltr'><strong>mus</strong></span> <span class='ocrx_word' id='word_1_110' title='bbox 408 2189 447 2272; x_wconf 83' lang='lat'><strong>¹¹,</strong></span> <span class='ocrx_word' id='word_1_111' title='bbox 473 2199 538 2272; x_wconf 92' lang='lat' dir='ltr'><strong>ego</strong></span> <span class='ocrx_word' id='word_1_112' title='bbox 564 2197 649 2247; x_wconf 87' lang='lat' dir='ltr'><strong>vero</strong></span> <span class='ocrx_word' id='word_1_113' title='bbox 674 2173 821 2249; x_wconf 89' lang='lat' dir='ltr'><strong>multam</strong></span> <span class='ocrx_word' id='word_1_114' title='bbox 846 2173 995 2248; x_wconf 88' lang='lat' dir='ltr'><strong>salutem</strong></span> <span class='ocrx_word' id='word_1_115' title='bbox 1020 2189 1056 2248; x_wconf 90' lang='lat' dir='ltr'><strong>et</strong></span> <span class='ocrx_word' id='word_1_116' title='bbox 1082 2175 1159 2248; x_wconf 80' lang='lat' dir='ltr'><strong>loro</strong></span> <span class='ocrx_word' id='word_1_117' title='bbox 1185 2173 1313 2273; x_wconf 88' lang='lat' dir='ltr'><strong>dicam,</strong></span> 
     </span>
     <span class='ocr_line' id='line_1_16' title="bbox 312 2299 1313 2402; baseline 0.002 -30"><span class='ocrx_word' id='word_1_118' title='bbox 312 2314 349 2372; x_wconf 91' lang='lat' dir='ltr'><strong>et</strong></span> <span class='ocrx_word' id='word_1_119' title='bbox 373 2301 505 2400; x_wconf 67' lang='lat' dir='ltr'><strong>curiae,</strong></span> <span class='ocrx_word' id='word_1_120' title='bbox 530 2299 717 2402; x_wconf 85' lang='lat' dir='ltr'><strong>vivamque</strong></span> <span class='ocrx_word' id='word_1_121' title='bbox 741 2313 859 2372; x_wconf 89' lang='lat' dir='ltr'><strong>tecum</strong></span> <span class='ocrx_word' id='word_1_122' title='bbox 884 2299 1051 2400; x_wconf 89' lang='lat' dir='ltr'><strong>multum,</strong></span> <span class='ocrx_word' id='word_1_123' title='bbox 1068 2313 1203 2373; x_wconf 89' lang='lat' dir='ltr'><strong>etcum</strong></span> <span class='ocrx_word' id='word_1_124' title='bbox 1222 2327 1313 2374; x_wconf 87' lang='lat' dir='ltr'><strong>com·</strong></span> 
     </span>
     <span class='ocr_line' id='line_1_17' title="bbox 313 2424 1314 2502; baseline 0 -4"><span class='ocrx_word' id='word_1_125' title='bbox 313 2425 477 2499; x_wconf 88' lang='lat' dir='ltr'><strong>munibus</strong></span> <span class='ocrx_word' id='word_1_126' title='bbox 509 2427 638 2502; x_wconf 88' lang='lat' dir='ltr'><strong>nostris</strong></span> <span class='ocrx_word' id='word_1_127' title='bbox 676 2425 891 2501; x_wconf 81' lang='lat' dir='ltr'><strong>amatoribus</strong></span> <span class='ocrx_word' id='word_1_128' title='bbox 910 2443 949 2499; x_wconf 86' lang='lat'><strong>¹².</strong></span> <span class='ocrx_word' id='word_1_129' title='bbox 982 2424 1073 2502; x_wconf 89' lang='lat' dir='ltr'><strong>Nam</strong></span> <span class='ocrx_word' id='word_1_130' title='bbox 1105 2441 1142 2500; x_wconf 91' lang='lat' dir='ltr'><strong>et</strong></span> <span class='ocrx_word' id='word_1_131' title='bbox 1174 2427 1314 2501; x_wconf 87' lang='lat' dir='ltr'><strong>Cassius</strong></span> 
     </span>
     <span class='ocr_line' id='line_1_18' title="bbox 315 2552 1314 2654; baseline 0 -28"><span class='ocrx_word' id='word_1_132' title='bbox 315 2568 413 2654; x_wconf 85' lang='lat' dir='ltr'><strong>tuus,</strong></span> <span class='ocrx_word' id='word_1_133' title='bbox 438 2568 474 2628; x_wconf 87' lang='lat' dir='ltr'><strong>et</strong></span> <span class='ocrx_word' id='word_1_134' title='bbox 492 2552 676 2629; x_wconf 84' lang='lat' dir='ltr'><strong>Dolabella</strong></span> <span class='ocrx_word' id='word_1_135' title='bbox 702 2567 838 2653; x_wconf 85' lang='lat' dir='ltr'><strong>noster,</strong></span> <span class='ocrx_word' id='word_1_136' title='bbox 863 2553 919 2627; x_wconf 88' lang='lat' dir='ltr'><strong>vel</strong></span> <span class='ocrx_word' id='word_1_137' title='bbox 944 2553 1065 2654; x_wconf 90' lang='lat' dir='ltr'><strong>potius</strong></span> <span class='ocrx_word' id='word_1_138' title='bbox 1091 2567 1237 2654; x_wconf 88' lang='lat' dir='ltr'><strong>uterque</strong></span> <span class='ocrx_word' id='word_1_139' title='bbox 1255 2579 1314 2626; x_wconf 90' lang='lat' dir='ltr'><strong>no-</strong></span> 
     </span>
     <span class='ocr_line' id='line_1_19' title="bbox 314 2679 1313 2782; baseline 0.004 -32"><span class='ocrx_word' id='word_1_140' title='bbox 314 2694 402 2776; x_wconf 89' lang='lat' dir='ltr'><strong>ster,</strong></span> <span class='ocrx_word' id='word_1_141' title='bbox 426 2679 550 2752; x_wconf 88' lang='lat' dir='ltr'><strong>studiis</strong></span> <span class='ocrx_word' id='word_1_142' title='bbox 574 2679 698 2753; x_wconf 90' lang='lat' dir='ltr'><strong>iisdem</strong></span> <span class='ocrx_word' id='word_1_143' title='bbox 727 2695 905 2780; x_wconf 88' lang='lat' dir='ltr'><strong>tenentur,</strong></span> <span class='ocrx_word' id='word_1_144' title='bbox 925 2692 961 2754; x_wconf 87' lang='lat' dir='ltr'><strong>et</strong></span> <span class='ocrx_word' id='word_1_145' title='bbox 986 2680 1072 2753; x_wconf 90' lang='lat' dir='ltr'><strong>meis</strong></span> <span class='ocrx_word' id='word_1_146' title='bbox 1097 2680 1313 2782; x_wconf 86' lang='lat' dir='ltr'><strong>aequissimis</strong></span> 
     </span>
     <span class='ocr_line' id='line_1_20' title="bbox 315 2805 1315 2908; baseline 0.001 -31"><span class='ocrx_word' id='word_1_147' title='bbox 315 2818 461 2878; x_wconf 87' lang='lat' dir='ltr'><strong>utuntur</strong></span> <span class='ocrx_word' id='word_1_148' title='bbox 493 2805 634 2880; x_wconf 83' lang='lat' dir='ltr'><strong>auribus</strong></span> <span class='ocrx_word' id='word_1_149' title='bbox 654 2809 693 2878; x_wconf 75' lang='lat'><strong>¹³.</strong></span> <span class='ocrx_word' id='word_1_150' title='bbox 727 2808 827 2908; x_wconf 89' lang='lat' dir='ltr'><strong>Opus</strong></span> <span class='ocrx_word' id='word_1_151' title='bbox 859 2821 914 2882; x_wconf 89' lang='lat' dir='ltr'><strong>est</strong></span> <span class='ocrx_word' id='word_1_152' title='bbox 947 2807 1016 2882; x_wconf 91' lang='lat' dir='ltr'><strong>huc</strong></span> <span class='ocrx_word' id='word_1_153' title='bbox 1036 2806 1066 2874; x_wconf 72' lang='lat'><strong>¹4</strong></span> <span class='ocrx_word' id='word_1_154' title='bbox 1095 2806 1257 2882; x_wconf 89' lang='lat' dir='ltr'><strong>limatulo</strong></span> <span class='ocrx_word' id='word_1_155' title='bbox 1280 2819 1315 2879; x_wconf 86' lang='lat' dir='ltr'><strong>et</strong></span> 
     </span>
     <span class='ocr_line' id='line_1_21' title="bbox 315 2929 1316 3032; baseline 0.006 -30"><span class='ocrx_word' id='word_1_156' title='bbox 315 2929 428 3030; x_wconf 88' lang='lat' dir='ltr'><strong>polito</strong></span> <span class='ocrx_word' id='word_1_157' title='bbox 461 2945 523 3005; x_wconf 92' lang='lat' dir='ltr'><strong>tuo</strong></span> <span class='ocrx_word' id='word_1_158' title='bbox 554 2930 703 3032; x_wconf 86' lang='lat' dir='ltr'><strong>iudicio,</strong></span> <span class='ocrx_word' id='word_1_159' title='bbox 734 2945 771 3008; x_wconf 88' lang='lat' dir='ltr'><strong>et</strong></span> <span class='ocrx_word' id='word_1_160' title='bbox 802 2933 871 3006; x_wconf 88' lang='lat' dir='ltr'><strong>illis</strong></span> <span class='ocrx_word' id='word_1_161' title='bbox 898 2933 1121 3009; x_wconf 76' lang='lat' dir='ltr'><strong>interioribus</strong></span> <span class='ocrx_word' id='word_1_162' title='bbox 1146 2933 1258 3008; x_wconf 84' lang='lat' dir='ltr'><strong>liten‘s</strong></span> <span class='ocrx_word' id='word_1_163' title='bbox 1278 2935 1316 3030; x_wconf 82' lang='lat'><strong>¹⁵,</strong></span> 
     </span>
     <span class='ocr_line' id='line_1_22' title="bbox 315 3054 1314 3162; baseline 0.006 -34"><span class='ocrx_word' id='word_1_164' title='bbox 315 3054 441 3160; x_wconf 91' lang='lat' dir='ltr'><strong>quibus</strong></span> <span class='ocrx_word' id='word_1_165' title='bbox 466 3081 570 3154; x_wconf 84' lang='lat' dir='ltr'><strong>saepe</strong></span> <span class='ocrx_word' id='word_1_166' title='bbox 597 3056 885 3133; x_wconf 85' lang='lat' dir='ltr'><strong>verecundiorem</strong></span> <span class='ocrx_word' id='word_1_167' title='bbox 917 3086 974 3134; x_wconf 91' lang='lat' dir='ltr'><strong>me</strong></span> <span class='ocrx_word' id='word_1_168' title='bbox 998 3061 1036 3136; x_wconf 90' lang='lat' dir='ltr'><strong>in</strong></span> <span class='ocrx_word' id='word_1_169' title='bbox 1059 3059 1241 3162; x_wconf 87' lang='lat' dir='ltr'><strong>loquendo</strong></span> <span class='ocrx_word' id='word_1_170' title='bbox 1266 3059 1314 3134; x_wconf 82' lang='lat' dir='ltr'><strong>la·</strong></span> 
     </span>
     <span class='ocr_line' id='line_1_23' title="bbox 314 3181 1316 3276; baseline 0.002 -19"><span class='ocrx_word' id='word_1_171' title='bbox 314 3184 366 3257; x_wconf 91' lang='lat' dir='ltr'><strong>cis</strong></span> <span class='ocrx_word' id='word_1_172' title='bbox 384 3186 424 3255; x_wconf 85' lang='lat'><strong>¹⁶.</strong></span> <span class='ocrx_word' id='word_1_173' title='bbox 450 3181 538 3256; x_wconf 87' lang='lat' dir='ltr'><strong>Mihi</strong></span> <span class='ocrx_word' id='word_1_174' title='bbox 563 3183 656 3257; x_wconf 88' lang='lat' dir='ltr'><strong>enim</strong></span> <span class='ocrx_word' id='word_1_175' title='bbox 681 3183 875 3260; x_wconf 87' lang='lat' dir='ltr'><strong>iudicatum</strong></span> <span class='ocrx_word' id='word_1_176' title='bbox 895 3199 1004 3262; x_wconf 77' lang='lat' dir='ltr'><strong>uest</strong></span> <span class='ocrx_word' id='word_1_177' title='bbox 1030 3187 1086 3276; x_wconf 89' lang='lat' dir='ltr'><strong>(si</strong></span> <span class='ocrx_word' id='word_1_178' title='bbox 1112 3186 1223 3262; x_wconf 88' lang='lat' dir='ltr'><strong>modo</strong></span> <span class='ocrx_word' id='word_1_179' title='bbox 1247 3186 1316 3260; x_wconf 83' lang='lat' dir='ltr'><strong>hoe</strong></span> 
     </span>
     <span class='ocr_line' id='line_1_24' title="bbox 314 3311 1315 3415; baseline 0.005 -34"><span class='ocrx_word' id='word_1_180' title='bbox 314 3311 443 3384; x_wconf 87' lang='lat' dir='ltr'><strong>Caesar</strong></span> <span class='ocrx_word' id='word_1_181' title='bbox 467 3324 529 3382; x_wconf 94' lang='lat' dir='ltr'><strong>aut</strong></span> <span class='ocrx_word' id='word_1_182' title='bbox 552 3311 726 3412; x_wconf 86' lang='lat' dir='ltr'><strong>patietur,</strong></span> <span class='ocrx_word' id='word_1_183' title='bbox 759 3328 819 3388; x_wconf 91' lang='lat' dir='ltr'><strong>aut</strong></span> <span class='ocrx_word' id='word_1_184' title='bbox 852 3313 975 3404; x_wconf 87' lang='lat' dir='ltr'><strong>volet)</strong></span> <span class='ocrx_word' id='word_1_185' title='bbox 1010 3313 1188 3415; x_wconf 82' lang='lat' dir='ltr'><strong>deponere</strong></span> <span class='ocrx_word' id='word_1_186' title='bbox 1223 3313 1315 3387; x_wconf 91' lang='lat' dir='ltr'><strong>illam</strong></span> 
     </span>
     <span class='ocr_line' id='line_1_25' title="bbox 313 3423 1314 3542; baseline 0.005 -35"><span class='ocrx_word' id='word_1_187' title='bbox 313 3436 384 3532; x_wconf 74' lang='lat' dir='ltr'><strong>iam</strong></span> <span class='ocrx_word' id='word_1_188' title='bbox 409 3462 615 3538; x_wconf 89' lang='lat' dir='ltr'><strong>personam,</strong></span> <span class='ocrx_word' id='word_1_189' title='bbox 647 3440 683 3511; x_wconf 90' lang='lat' dir='ltr'><strong>in</strong></span> <span class='ocrx_word' id='word_1_190' title='bbox 714 3466 782 3541; x_wconf 91' lang='lat' dir='ltr'><strong>qua</strong></span> <span class='ocrx_word' id='word_1_191' title='bbox 808 3423 864 3514; x_wconf 81' lang='lat' dir='ltr'><strong>me</strong></span> <span class='ocrx_word' id='word_1_192' title='bbox 890 3467 994 3542; x_wconf 88' lang='lat' dir='ltr'><strong>saepe</strong></span> <span class='ocrx_word' id='word_1_193' title='bbox 1020 3439 1070 3512; x_wconf 90' lang='lat' dir='ltr'><strong>illi</strong></span> <span class='ocrx_word' id='word_1_194' title='bbox 1095 3442 1162 3542; x_wconf 88' lang='lat' dir='ltr'><strong>ipsi</strong></span> <span class='ocrx_word' id='word_1_195' title='bbox 1187 3439 1314 3541; x_wconf 88' lang='lat' dir='ltr'><strong>proba-</strong></span> 
     </span>
     <span class='ocr_line' id='line_1_26' title="bbox 314 3564 1313 3668; baseline 0.002 -33"><span class='ocrx_word' id='word_1_196' title='bbox 314 3564 349 3636; x_wconf 92' lang='lat' dir='ltr'><strong>vi</strong></span> <span class='ocrx_word' id='word_1_197' title='bbox 370 3564 410 3664; x_wconf 77' lang='lat'><strong>¹⁸,</strong></span> <span class='ocrx_word' id='word_1_198' title='bbox 435 3590 476 3639; x_wconf 87' lang='lat' dir='ltr'><strong>ac</strong></span> <span class='ocrx_word' id='word_1_199' title='bbox 501 3590 558 3638; x_wconf 87' lang='lat' dir='ltr'><strong>me</strong></span> <span class='ocrx_word' id='word_1_200' title='bbox 590 3578 704 3638; x_wconf 86' lang='lat' dir='ltr'><strong>totum</strong></span> <span class='ocrx_word' id='word_1_201' title='bbox 730 3567 766 3639; x_wconf 92' lang='lat' dir='ltr'><strong>in</strong></span> <span class='ocrx_word' id='word_1_202' title='bbox 799 3565 917 3640; x_wconf 81' lang='lat' dir='ltr'><strong>literas</strong></span> <span class='ocrx_word' id='word_1_203' title='bbox 943 3567 1095 3665; x_wconf 87' lang='lat' dir='ltr'><strong>abdere,</strong></span> <span class='ocrx_word' id='word_1_204' title='bbox 1130 3581 1313 3668; x_wconf 89' lang='lat' dir='ltr'><strong>tecumque</strong></span> 
     </span>
     <span class='ocr_line' id='line_1_27' title="bbox 315 3692 1313 3768; baseline 0.003 -7"><span class='ocrx_word' id='word_1_205' title='bbox 315 3703 455 3764; x_wconf 88' lang='lat' dir='ltr'><strong>etcum</strong></span> <span class='ocrx_word' id='word_1_206' title='bbox 481 3693 604 3766; x_wconf 85' lang='lat' dir='ltr'><strong>ceteris</strong></span> <span class='ocrx_word' id='word_1_207' title='bbox 630 3719 749 3766; x_wconf 85' lang='lat' dir='ltr'><strong>earum</strong></span> <span class='ocrx_word' id='word_1_208' title='bbox 774 3692 940 3768; x_wconf 87' lang='lat' dir='ltr'><strong>studiosis</strong></span> <span class='ocrx_word' id='word_1_209' title='bbox 969 3693 1217 3768; x_wconf 85' lang='lat' dir='ltr'><strong>honestissimo</strong></span> <span class='ocrx_word' id='word_1_210' title='bbox 1244 3694 1313 3767; x_wconf 88' lang='lat' dir='ltr'><strong>otio</strong></span> 
     </span>
    </p>
   </div>
   <div class='ocr_carea' id='block_1_4' title="bbox 316 3815 1437 4049">
    <p class='ocr_par' dir='ltr' id='par_1_5' title="bbox 316 3815 1437 4049">
     <span class='ocr_line' id='line_1_28' title="bbox 316 3815 1314 3921; baseline 0.002 -34"><span class='ocrx_word' id='word_1_211' title='bbox 316 3815 456 3914; x_wconf 83' lang='lat' dir='ltr'><strong>perfrui.</strong></span> <span class='ocrx_word' id='word_1_212' title='bbox 482 3819 537 3891; x_wconf 88' lang='lat' dir='ltr'><strong>Tu</strong></span> <span class='ocrx_word' id='word_1_213' title='bbox 549 3873 560 3916; x_wconf 88' lang='lat'><strong>,</strong></span> <span class='ocrx_word' id='word_1_214' title='bbox 586 3817 733 3918; x_wconf 88' lang='lat' dir='ltr'><strong>vellem,</strong></span> <span class='ocrx_word' id='word_1_215' title='bbox 765 3845 809 3892; x_wconf 92' lang='lat' dir='ltr'><strong>ne</strong></span> <span class='ocrx_word' id='word_1_216' title='bbox 835 3821 965 3894; x_wconf 90' lang='lat' dir='ltr'><strong>veritus</strong></span> <span class='ocrx_word' id='word_1_217' title='bbox 991 3847 1100 3920; x_wconf 89' lang='lat' dir='ltr'><strong>esses,</strong></span> <span class='ocrx_word' id='word_1_218' title='bbox 1130 3845 1175 3894; x_wconf 90' lang='lat' dir='ltr'><strong>ne</strong></span> <span class='ocrx_word' id='word_1_219' title='bbox 1199 3821 1314 3921; x_wconf 85' lang='lat' dir='ltr'><strong>perin-</strong></span> 
     </span>
     <span class='ocr_line' id='line_1_29' title="bbox 317 3931 1437 4049; baseline 0.002 -37"><span class='ocrx_word' id='word_1_220' title='bbox 317 3941 411 4014; x_wconf 91' lang='lat' dir='ltr'><strong>vitus</strong></span> <span class='ocrx_word' id='word_1_221' title='bbox 430 3955 461 4008; x_wconf 75' lang='lat'><strong>12</strong></span> <span class='ocrx_word' id='word_1_222' title='bbox 492 3931 642 4042; x_wconf 83' lang='lat' dir='ltr'><strong>legerem</strong></span> <span class='ocrx_word' id='word_1_223' title='bbox 675 3958 752 4021; x_wconf 90' lang='lat' dir='ltr'><strong>tuas</strong></span> <span class='ocrx_word' id='word_1_224' title='bbox 781 3945 919 4048; x_wconf 86' lang='lat' dir='ltr'><strong>literas,</strong></span> <span class='ocrx_word' id='word_1_225' title='bbox 952 3949 980 4023; x_wconf 89' lang='lat' dir='ltr'><strong>si</strong></span> <span class='ocrx_word' id='word_1_226' title='bbox 1007 3947 1091 4022; x_wconf 87' lang='lat' dir='ltr'><strong>mihi</strong></span> <span class='ocrx_word' id='word_1_227' title='bbox 1118 3942 1313 4049; x_wconf 77' lang='lat' dir='ltr'><strong>(quemad</strong></span> <span class='ocrx_word' id='word_1_228' title='bbox 1436 3955 1437 3970; x_wconf 64' lang='lat'>¹</span> 
     </span>
    </p>
   </div>
   <div class='ocr_carea' id='block_1_5' title="bbox 0 0 1476 4948">
    <p class='ocr_par' dir='ltr' id='par_1_6' title="bbox 0 0 1476 4948">
     <span class='ocr_line' id='line_1_30' title="bbox 0 0 1476 4948; baseline 0 0"><span class='ocrx_word' id='word_1_229' title='bbox 0 0 1476 4948; x_wconf 95' lang='lat' dir='ltr'><strong> </strong></span> 
     </span>
    </p>
   </div>
  </div>
 </body>
</html>
