2898 4956
336 442 409 518 236
663 461 834 514 nrisrons
859 463 973 514 cntxs.
1114 465 1146 516 a.
1167 468 1198 516 v.
1215 468 1292 518 ns
1235 482 1310 533 ,μς

332 581 588 672 posteaquam
613 564 663 640 illi
687 565 809 668 arus,
833 567 889 640 cui
914 565 1134 670 studueram,
1149 568 1240 643 nihil
1259 597 1337 648 esse
1436 599 1437 612 ¹

331 693 401 772 loci
433 719 546 795 neque
578 695 615 770 in
649 695 744 768 ouria
757 717 914 797 ,neque
938 695 976 767 iu
1001 694 1100 795 foro,
1124 695 1336 799 viderim¹⁵,

329 846 473 896 omnem
496 846 612 895 meam
637 847 758 896 curam
789 833 895 924 atque
926 846 1072 923 operam
1104 820 1151 896 ad
1175 753 1336 924 philoso·²

328 947 450 1051 phiam
476 947 677 1023 contulisse.
709 949 808 1023 Tuae
841 948 1007 1023 scientiae
1026 951 1057 1002 ¹⁶
1082 947 1269 1024 excellenti
1292 977 1334 1026 ac
1436 911 1437 1024 l

328 1074 494 1176 singulari
510 1101 584 1151 non
599 1074 712 1150 multo
737 1074 837 1178 plus,
861 1101 968 1178 qrram
991 1089 1152 1177 nostrm,
1172 1073 1335 1152 relictum

328 1215 383 1278 est
406 1201 486 1278 loci
511 1205 630 1299 Quare
653 1226 729 1278 non
754 1201 918 1304 equidem
942 1217 978 1277 te
1004 1227 1150 1344 moneo,
1166 1203 1231 1278 sed
1247 1203 1335 1278 mihi

326 1331 378 1404 ita
392 1331 567 1430 persuasi,
583 1343 619 1405 te
640 1353 780 1431 quoque
804 1329 842 1402 in
866 1328 992 1404 iisdem
1016 1329 1147 1404 versari
1171 1328 1278 1404 rebus
1291 1346 1334 1432 ¹⁷,

326 1481 439 1558 quae,
471 1454 605 1528 etiamsi
629 1456 746 1529 minus
771 1453 999 1557 prodessent,
1031 1455 1187 1532 animum
1212 1468 1333 1532 tamen

326 1607 347 1656 a
372 1579 597 1654 solicitudine
623 1579 848 1656 abducerent.
873 1582 1014 1658 Servius
1039 1581 1184 1684 quidem
1202 1593 1312 1658 tuus¹
1300 1585 1331 1638 ¹⁰

323 1708 363 1784 in
387 1703 552 1783 omnihus
576 1708 736 1807 ingenuis
761 1707 914 1808 artibus,
947 1709 985 1781 in
1016 1709 1211 1812 primisque
1239 1709 1330 1812 hac,

322 1836 361 1910 iu
385 1860 454 1938 qua
480 1858 545 1935 ego
570 1859 627 1908 me
652 1833 776 1935 scripsi
802 1835 1045 1938 acquiescere,
1076 1835 1125 1908 ita
1151 1848 1328 1936 versatur,

322 1975 364 2036 ut
387 1959 542 2036 excellat„
566 1961 599 2036 A
623 1985 680 2033 me
705 1985 791 2035 vero
823 1961 874 2034 sic
907 1957 1086 2060 diligitur,
1108 1973 1149 2034 ut
1175 1959 1243 2034 tibi
1266 1962 1328 2036 uni
1436 2025 1437 2070 ,

323 2085 535 2186 concedam,
559 2101 740 2189 practerea
765 2085 915 2160 nemini:
939 2086 1097 2192 mihique
1122 2087 1168 2160 ab
1189 2113 1235 2162 eo
1253 2115 1326 2188 gra·
1436 2079 1437 2098 i

322 2215 372 2289 tia
403 2211 571 2288 refertur:
607 2214 646 2287 iu
682 2237 752 2316 quo
784 2211 843 2286 ille
876 2213 1052 2288 existimat
1076 2213 1203 2316 (quod
1227 2213 1326 2288 facilc

322 2349 530 2445 appareat),
555 2365 664 2444 quum
688 2366 744 2413 me
769 2338 864 2416 colat
889 2353 926 2414 et
950 2339 1133 2440 observet,
1156 2339 1225 2416 tibi
1241 2367 1325 2445 quo·

322 2497 391 2573 quc
414 2470 453 2543 in
476 2494 520 2545 eo
545 2467 720 2544 sefacere
747 2468 992 2570 gratissimum.
1017 2465 1117 2541 Vale.

733 2721 911 2797 CDLXII.
1018 2761 1077 2822 (ua
1090 2761 1145 2810 osv.
1159 2759 1234 2824 xiii,
1248 2763 1298 2826 ss)

316 2905 537 2984 Argumentum.
558 2897 677 2962 Servilii
698 2899 799 2962 literas
819 2897 875 2960 sihi
897 2909 999 2981 gratus
1018 2897 1112 2960 fuisse
1129 2909 1274 2962 testetur:
1287 2911 1320 2960 ut
1436 2885 1437 2898 ¹

356 3009 395 3070 de
413 3010 588 3090 provinciae
608 3007 733 3088 (Asiae)
758 3015 839 3068 statu
863 3005 992 3079 scribat,
1018 3008 1114 3090 petit3
1134 3005 1241 3070 officie
1268 3027 1318 3069 sue

356 3117 516 3200 promittit

508 3322 563 3378 se.
580 3322 677 3378 some
688 3323 721 3378 s.
738 3321 772 3376 v.
790 3319 819 3374 c
837 3317 977 3385 occvn,
994 3317 1030 3370 ιι.
1048 3317 1120 3390 seps

424 3523 469 3590 Μ.
493 3523 530 3588 Τ.
553 3521 699 3590 CICERO
723 3520 757 3584 P.
782 3516 966 3582 SERVILIO
991 3513 1203 3584 tstvttlco¹

578 3640 693 3707 PROC.
717 3633 932 3702 consuunt
956 3635 988 3699 S.
1010 3633 1050 3699 D.

362 3859 491 3933 Gratas
521 3857 608 3932 mihi
633 3855 860 3934 vehementer
889 3863 969 3924 tuae
1003 3849 1124 3924 literae
1157 3851 1313 3954 suerunt,
1436 3821 1437 3870 l

313 3985 505 4086 exquibus
531 3985 683 4085 cognovi
714 4005 835 4058 cursus
867 3976 1132 4077 navigationum
1163 3993 1310 4057 tuarum·
1436 4019 1437 4110 ,

1436 4111 1437 4198 l
