2910 4962
319 377 393 472 408
686 395 955 449 lurorlrtottcs

359 513 425 562 tuas
444 503 565 562 misma
584 503 777 562 commitere.
799 500 867 564 vu
883 499 1317 584 epp.ccnxt·ttt,ccex1x
1437 476 1443 542 ’κ

360 620 390 670 et
410 608 580 669 cccxxn.

693 821 950 883 CCCLXXXVll.

325 1059 336 1098 ι
361 1035 427 1098 lloc
447 1047 507 1118 est,
526 1037 602 1122 odii,
628 1040 704 1118 sire,
730 1047 765 1100 ut
789 1058 870 1098 nunc
896 1036 1063 1120 loquimur,
1089 1040 1248 1120 acceptari.
1274 1039 1320 1100 De

360 1167 491 1228 quanam
510 1159 612 1208 autem
631 1143 795 1208 hereditate
815 1144 864 1206 laic
883 1165 983 1206 sermo
996 1147 1048 1226 sit,
1068 1156 1166 1206 tacent
1178 1147 1321 1229 interpre-

360 1265 422 1338 tes3
443 1253 565 1316 fortusse
586 1253 709 1315 alicuius
729 1253 828 1314 liberti
840 1253 888 1314 vel
908 1253 1035 1335 clientis,
1048 1251 1095 1312 vel
1108 1254 1198 1313 etiem
1218 1256 1320 1338 amici,

359 1383 436 1445 quos
456 1373 586 1446 constat,
604 1373 746 1445 patronos
759 1381 829 1422 suos
842 1363 959 1444 saepius
971 1358 1097 1421 heredes
1108 1361 1262 1421 instituere
1276 1381 1321 1420 so-

362 1471 428 1532 litos
449 1470 545 1532 titisse.
564 1469 642 1532 Vide
662 1469 811 1532 Paradox„
824 1469 877 1532 Vl.
894 1469 941 1530 An
960 1468 1036 1530 illius
1055 1467 1195 1528 Geleonis
1209 1467 1248 1528 de
1261 1489 1321 1550 quo
1440 1499 1441 1504 1

360 1580 391 1638 in
410 1599 457 1660 ep.
478 1575 606 1640 CDVlll
625 1576 679 1638 sed
700 1576 739 1638 ab
759 1575 818 1638 hoc
837 1587 973 1661 tempore
992 1575 1033 1638 od
1051 1575 1128 1636 illius
1148 1575 1232 1658 epist.
1254 1579 1320 1636 cuni

360 1687 488 1770 spatium
507 1684 671 1746 intercedit

320 1813 339 1854 s
359 1794 428 1855 etse
449 1793 479 1853 et
499 1791 567 1854 ede
588 1791 702 1876 aliquot
720 1803 790 1854 vett.
810 1791 1013 1863 multissincist
1034 1789 1089 1852 sed
1107 1790 1195 1852 lectio
1209 1792 1322 1852 amu}

358 1901 459 1974 simis,
480 1921 572 1983 quom
592 1899 684 1962 habet
705 1911 735 1962 et
755 1899 822 1962 cod.
844 1897 965 1984 Ambe,
985 1898 1140 1960 manifesto
1161 1898 1320 1982 depravata

359 2018 404 2069 est
423 2027 462 2070 ex
481 2008 581 2068 multis
600 2009 690 2082 neeis,
711 2019 747 2068 ut
766 2006 944 2091 plerumque
963 2003 999 2068 fit
1013 2009 1044 2066 in
1056 2025 1124 2067 mss.
1138 2017 1224 2068 vett:
1240 2005 1320 2088 quod

359 2117 390 2174 in
410 2135 545 2176 errorem
565 2112 688 2176 adduxit
706 2114 870 2198 Bembum,
889 2117 942 2198 qui
956 2133 1062 2176 comm
1075 2117 1252 2176 auctoritate
1265 2115 1320 2176 fre·

359 2233 423 2302 tus,
444 2242 480 2283 ee
499 2243 573 2283 voce
593 2233 746 2304 tamquam
767 2219 961 2282 Ciceroniana
981 2231 1025 2282 est
1044 2241 1125 2282 usus.

320 2331 338 2392 3
359 2329 476 2392 Tulliae
497 2329 650 2410 solvendo,
671 2329 810 2413 explanat
829 2329 959 2413 Popmo,
980 2329 1033 2390 sed
1052 2329 1247 2412 sequentibus
1263 2353 1319 2393 non

359 2440 503 2500 convenit.
523 2438 600 2500 Eam
621 2449 695 2521 puto
715 2459 784 2498 cum
798 2437 935 2498 Ernestio
949 2449 979 2498 et
993 2437 1133 2500 Schiitcio
1145 2441 1204 2500 iem
1217 2442 1318 2502 muori

359 2567 398 2607 ex
422 2557 508 2630 porte
528 2545 676 2629 solutam,
701 2557 732 2607 et
758 2567 776 2606 e
801 2544 973 2628 Dolabella,
1001 2545 1119 2628 perdito
1138 2549 1205 2608 viro
1231 2547 1318 2632 (epp.

359 2653 547 2714 ccccxxu
568 2664 598 2714 er
617 2653 744 2736 cnvn,
765 2653 818 2737 3),
845 2652 1021 2735 dissipatam.
1049 2653 1128 2714 nure
1147 2655 1319 2738 uespere
1442 2645 1443 2662 ¹

315 2766 319 2774 “
358 2761 431 2818 tioni
459 2757 560 2820 favent
588 2758 752 2820 locutiones
778 2758 863 2820 illue:
891 2759 977 2820 illam
1000 2759 1143 2822 miseram
1162 2796 1204 2806 —
1223 2775 1318 2824 aaron

357 2864 432 2924 meis
450 2866 558 2948 opibus
576 2899 619 2910 -
637 2866 687 2925 cul
705 2864 806 2926 deesse
826 2867 928 2927 omm'a
946 2867 1011 2928 noli
1026 2869 1101 2951 poti.

317 2970 451 3049 lQuod
476 2971 594 3054 perdito
620 2974 719 3033 iuveni
745 2973 825 3034 illurn
852 2973 993 3036 collocari
1018 2977 1049 3036 in
1074 2979 1317 3056 matrimonium

357 3097 404 3160 ep.
426 3077 559 3141 CDXlll.

317 3181 425 3245 5Hoc
445 3205 508 3246 esse
528 3206 546 3245 a
566 3185 743 3272 glossatore,
769 3210 805 3250 ac
828 3192 884 3252 tuis
910 3191 1101 3254 referendum
1127 3192 1167 3254 ed
1193 3193 1316 3277 opelos,

357 3303 443 3374 putot
461 3293 623 3355 Ernestius
645 3297 718 3356 Mox
739 3319 796 3381 pto
816 3301 867 3360 eui
885 3297 951 3360 eorl
972 3298 1075 3362 Ambr.
1096 3321 1176 3383 quae
1196 3324 1227 3384 q.
1248 3301 1278 3364 d,

315 3397 337 3458 6
356 3398 462 3476 Quum
483 3401 583 3462 Tullia
600 3403 774 3466 Dolabellae
794 3405 990 3468 collocaretur
1009 3408 1148 3470 insciente
1163 3408 1316 3486 Cicerone,
1442 3375 1443 3458 l

354 3505 403 3566 vel
423 3527 441 3566 a
461 3507 637 3589 Philotimo,
658 3511 705 3572 vel
725 3510 764 3572 nb
784 3514 847 3595 ipsa
867 3515 1009 3575 Terentia
1028 3535 1068 3575 ex
1087 3517 1229 3598 pensione
1244 3516 1316 3578 dotis

354 3612 489 3676 detracta
509 3627 595 3677 crant
615 3617 681 3678 H-s
702 3639 745 3678 ax.
766 3619 881 3681 Schultz.
903 3619 977 3682 eod.
998 3621 1101 3683 ambr.
1124 3620 1163 3683 de
1182 3621 1258 3684 dote.

313 3739 334 3798 7
355 3719 502 3782 Vbinam
523 3745 604 3784 nunc
624 3723 783 3808 collocavi3
803 3725 863 3788 vid.
884 3749 931 3810 ep.
945 3749 1009 3811 sup.
1024 3727 1109 3790 Vnus
1122 3728 1211 3790 Amb.
1225 3741 1314 3792 retest.
1442 3689 1443 3766 l

356 3827 437 3887 Tum
458 3849 548 3913 supra
568 3834 658 3892 ceteri
677 3835 782 3914 exegit.

314 3929 335 3992 8
356 3931 397 3994 Vt
415 3936 525 3998 scilioet
542 3937 711 4026 domosua
732 3941 852 4023 Cicero,
872 3962 965 4024 quem
988 3941 1120 4006 habebat
1146 3947 1177 4020 in
1204 3943 1314 4004 Palatio
1442 4013 1443 4016 Ἴ
