2898 4956
293 458 365 538 262
611 483 781 532 errarunt
808 483 962 530 cnaxvn.
1067 481 1095 527 a.
1113 480 1147 529 v.
1167 481 1195 525 c.
1217 491 1266 541 7⁰7

291 611 416 688 genere
433 603 458 685 a,
483 586 519 660 in
544 607 615 687 qun
641 582 772 686 aliquid
797 609 902 685 posse
928 585 980 656 vis
993 642 1004 686 ,
1037 598 1072 658 te
1100 583 1190 657 nihil
1214 609 1294 658 esse

292 730 528 814 cognosceres.
561 709 669 804 Quod
700 711 730 784 si
759 710 958 785 humaniter
981 737 1121 784 mecum
1145 725 1293 813 questus

291 867 401 944 esses,
425 839 574 916 libenter
598 839 664 913 tibi
688 866 759 940 me,
784 855 820 912 et
845 837 945 914 facile
969 866 1183 941 purgassem.
1209 843 1294 917 Non

291 967 385 1042 enim
408 967 545 1068 ingrata
561 963 647 1038 mihi
672 980 772 1066 sunt,
797 992 886 1067 quae
911 965 1023 1040 fecisti
1039 965 1073 1066 ⁸3
1099 966 1177 1068 sed,
1202 994 1293 1070 quae

291 1093 482 1195 scripsisti,
509 1091 666 1168 molesta.
691 1094 750 1167 Me
775 1107 910 1193 autem,
934 1107 1081 1194 propter
1106 1119 1213 1196 quem
1238 1119 1293 1168 ce·

295 1221 360 1296 teri
384 1220 484 1294 liberi
509 1234 593 1296 sunt
609 1237 636 1321 9,
660 1218 726 1294 tibi
749 1219 897 1296 liberum
921 1245 995 1295 non
1021 1221 1151 1321 nsum,
1181 1219 1295 1296 demi·

292 1371 363 1422 ror.
400 1346 493 1420 Nam
524 1347 555 1420 si
587 1344 672 1420 salsa
704 1345 865 1446 fuerunt,
898 1371 988 1450 quae
1014 1361 1053 1420 tu
1079 1345 1125 1420 ad
1149 1373 1230 1446 me,
1252 1360 1296 1420 ut

292 1475 360 1572 ais,
386 1471 540 1546 detulisti
556 1489 604 1576 ”5
622 1471 707 1578 qnid
732 1474 796 1547 tihi
820 1499 885 1573 ego
911 1473 1047 1548 debeol
1071 1475 1102 1547 si
1127 1499 1229 1575 vera,
1253 1487 1296 1546 tu

290 1622 330 1672 es
355 1599 510 1698 optimus
543 1599 663 1700 testis,
696 1599 782 1702 quid
813 1600 898 1674 mihi
931 1600 1083 1702 populus
1112 1601 1293 1676 Romanus

292 1723 428 1798 debeat.

674 1976 903 2053 CDLXVIII.
1043 2022 1096 2082 (aa
1111 2021 1163 2067 us..
1180 2022 1225 2083 tv,
1239 2025 1270 2082 9)

293 2157 511 2234 Argumentum.
532 2155 674 2217 Reditum
694 2159 725 2217 in
746 2161 876 2240 patriam
897 2159 1041 2220 Marcello
1062 2159 1186 2232 suadet,
1212 2160 1294 2220 refu-

334 2266 402 2323 tatis
422 2262 566 2347 singulis,
594 2283 672 2346 quae
701 2264 874 2326 dissuadere
895 2265 1091 2338 videbantur,
1116 2271 1293 2350 praesertim

334 2369 416 2451 quod
437 2391 493 2431 nec
512 2370 599 2432 aliter
619 2372 754 2434 suturam
776 2371 894 2444 luisset,
908 2375 931 2432 si
949 2375 1087 2434 vicissent
1107 2373 1292 2456 Pompeiani.

418 2577 473 2629 Ser.
492 2577 587 2632 homae
605 2580 635 2631 Δ.
653 2576 687 2633 V.
704 2577 733 2632 C.
751 2578 887 2647 uccvn,
906 2578 940 2632 Μ.
958 2579 1028 2652 Sept.
1047 2589 1167 2634 exeunte.

444 2775 487 2840 M.
512 2775 548 2838 T.
573 2775 718 2842 CICERO
743 2777 785 2840 M.
809 2777 1027 2842 MARCELLO
1052 2778 1082 2842 S.
1106 2779 1145 2843 D.

340 2975 419 3049 Etsi
445 2979 631 3078 perpaucis
657 2993 738 3052 ante
759 2979 881 3054 diebus
900 2981 1065 3066 dederam
1083 2984 1126 3076 Q.
1146 2985 1291 3060 Μυεὶο1

291 3101 410 3178 literas
436 3102 482 3176 ad
507 3117 542 3176 te
567 3101 725 3206 pluribus
751 3107 867 3181 verbis
893 3109 1058 3211 scriptas,
1084 3111 1212 3214 quihus
1238 3113 1295 3187 de-

292 3230 524 3331 claraveram,
549 3257 620 3334 quo
645 3246 680 3306 te
706 3235 822 3309 animo
850 3261 1027 3310 censerem
1053 3263 1134 3312 esse
1154 3254 1295 3341 oporte-

291 3379 344 3456 re,
360 3370 398 3430 et
418 3357 506 3460 quid
522 3357 588 3434 tihi
605 3359 801 3434 laciendum
819 3361 1017 3436 arbitrarer:
1035 3375 1169 3461 tamen,
1187 3391 1293 3468 quum

291 3482 534 3587 Theophilus,
564 3485 710 3562 libertus
736 3502 840 3586 tuus,
868 3489 1170 3590 proficisceretur,
1196 3493 1291 3566 cuius

292 3635 357 3711 ego
382 3612 489 3687 fidem
506 3639 587 3714 erga
605 3629 657 3715 te,
671 3613 1015 3718 benivolentiamque
1033 3643 1292 3720 perspexeram,

292 3717 367 3810 sine
392 3741 479 3816 meis
504 3739 612 3816 literis
638 3769 717 3816 eum
744 3742 790 3815 ad
820 3743 1000 3817 tevenire
1025 3745 1132 3817 nolui.
1161 3745 1292 3820 Iisdem

157 3885 167 3904 ·
291 3861 397 3964 igitur
421 3879 457 3939 te
481 3869 619 3943 rebus¹
643 3871 751 3943 etiam
776 3883 880 3973 atque
912 3872 1019 3946 etiam
1048 3872 1191 3972 hortor,
1216 3871 1291 3974 qui·

199 4061 206 4070 .
291 3984 359 4062 bus
390 3995 627 4095 superioribus
661 3995 770 4072 literis
803 3998 962 4072 hortatus
995 4025 1092 4098 aum,
1123 4014 1164 4073 ut
1189 3999 1226 4074 in
1251 4024 1290 4072 ea
