2910 4962
521 400 555 446 ru
583 395 772 446 nersronss
1080 379 1156 478 429

142 505 164 570 6
185 508 219 568 ln
239 525 288 565 uae
309 511 512 586 praesentem,
533 522 579 583 ep.
601 499 709 583 CDlV,
730 521 765 580 2,
786 511 860 561 extr.

142 639 161 696 7
183 617 228 677 lta
248 615 362 697 primus
375 608 578 692 Pantagathus
591 611 732 670 correxit:
755 629 824 668 nam
838 628 906 669 mss.
921 629 1024 672 omnes
1038 623 1068 674 et
1080 613 1148 675 edd.
1174 619 1176 628 ’

183 732 253 784 vett.
275 730 416 803 corrupte
436 732 535 780 tannen
555 717 590 777 L.
612 720 643 778 in
662 737 709 790 ce,
730 717 777 778 vel
792 731 890 778 tomen
902 719 1000 793 timeo,
1015 720 1062 780 vel
1075 722 1148 782 Nilo

181 851 262 902 meo‚·
284 827 368 910 quod
387 827 491 887 Rosius
512 835 542 886 et
561 836 685 909 posterr.
707 824 841 908 plerique
861 838 1047 908 receperunt.

141 937 162 1000 8
182 937 262 998 Edd.
290 937 377 996 Rom.
403 935 476 994 lens.
504 931 595 994 Herv.
620 945 738 1006 nostra5
758 933 881 995 fortasse
900 933 1020 1019 melius,
1040 947 1076 997 ut
1099 957 1153 996 su-

182 1067 239 1129 pra
279 1057 396 1104 nostrae
415 1042 635 1104 coniunctionis.

141 1175 163 1238 9
184 1153 252 1214 Hoc
271 1163 330 1231 est,
351 1162 386 1212 ut
405 1152 486 1233 pacis
511 1148 694 1210 conditiones
718 1169 809 1230 quam
836 1151 963 1232 optimas
986 1171 1004 1210 a
1024 1149 1153 1213 Caesare

183 1261 364 1322 obtinerent.

146 1391 183 1431 ro
203 1367 273 1430 Vid
294 1387 341 1450 ep.
363 1385 459 1449 super.
481 1375 542 1425 not.
563 1362 592 1425 8.

146 1497 179 1537 rr
205 1475 271 1536 Hoc
292 1486 349 1556 est,
368 1484 404 1535 ut
424 1473 534 1534 scribas
554 1493 622 1534 meo
642 1473 779 1554 nomine3
801 1493 847 1556 ep.
870 1472 1059 1556 cccxcvi,
1080 1474 1099 1534 3
1121 1483 1151 1536 et

184 1583 239 1642 CD
261 1593 335 1644 extr.

146 1712 182 1752 ra
204 1692 332 1751 ironice:
357 1710 428 1750 nam
450 1687 646 1768 Dolabellae,
670 1689 722 1770 qui
747 1699 818 1749 tunc
844 1691 986 1772 temporis
1011 1688 1150 1750 tribunus

183 1809 249 1860 erat
267 1797 376 1881 plebis,
397 1800 526 1858 actiones
546 1794 585 1857 de
605 1797 689 1856 noris
709 1795 818 1858 tabulis
838 1799 870 1856 in
888 1795 1026 1858 fraudem
1052 1797 1150 1860 credi·

183 1916 286 1966 torum
307 1907 375 1987 (ep.
396 1903 553 1984 CDXVII,
575 1902 612 1986 2)
632 1906 818 1987 turpissimae
839 1915 931 1966 eraut

146 2013 183 2074 13
205 2012 306 2073 Cretio
327 2011 452 2094 simplex
473 2011 596 2092 dicitur,
615 2031 710 2095 quum
725 2033 742 2072 e
756 2011 892 2095 pltnibus
903 2011 1065 2074 heredibus
1078 2015 1151 2075 scri-

182 2121 242 2203 ptis
262 2140 340 2180 unus
360 2141 430 2184 cum
451 2123 582 2180 cretione
603 2121 781 2200 instituitur,
801 2119 907 2204 reliqui
927 2124 990 2183 sine
1010 2125 1150 2184 cretione.

182 2228 289 2308 ltaque
316 2225 480 2308 significat,
503 2247 534 2288 se
560 2249 654 2288 unum
680 2230 846 2288 institutum
870 2228 959 2290 luisse
989 2228 1151 2312 heredem,

181 2355 278 2418 quum
299 2334 398 2395 nullus
419 2334 493 2395 elius
513 2335 553 2396 ad
572 2356 604 2396 se
624 2337 752 2416 miserit,
778 2347 814 2396 ut
833 2357 934 2396 secum
954 2336 1151 2397 hereditatem

183 2452 328 2504 cerneret
351 2442 447 2503 Galco
469 2441 517 2504 hic
537 2446 603 2525 quis
623 2442 726 2522 fuerit,
740 2463 847 2524 parum
862 2442 952 2504 refert
965 2445 1149 2523 investigare.

183 2552 334 2612 incertum
355 2562 456 2612 eutem
477 2561 521 2611 est
541 2571 579 2610 an
599 2550 674 2610 haec
693 2550 842 2611 hereditas
863 2548 968 2610 eadem
982 2549 1031 2610 illa
1045 2551 1094 2632 sit,
1112 2549 1150 2612 de

184 2679 246 2739 qua
266 2679 313 2741 ep.
335 2657 582 2719 CCCLXXXVII
603 2659 665 2718 init

580 2897 715 2960 CDVlll.

146 3108 157 3146 r
182 3083 262 3146 Edd.
284 3096 354 3148 vett.
376 3086 490 3169 aliquot
509 3087 543 3148 P.
557 3086 694 3162 Servilio,
707 3086 791 3170 quod
804 3097 835 3149 et
846 3087 953 3148 Lamb.
967 3087 1150 3148 coniiciebat.

141 3192 279 3256 aservii
300 3193 421 3278 Sulpicii
445 3199 552 3278 patris,
578 3217 648 3256 nam
677 3205 707 3256 et
733 3193 811 3256 filius
838 3197 958 3259 Servius
985 3195 1150 3258 dicebatur.

187 3299 313 3362 Corrad.

142 3409 161 3468 3
183 3411 341 3488 Quantum
361 3431 409 3472 me
430 3413 526 3496 iuvet,
547 3411 623 3474 idest
643 3410 724 3474 nihil.
744 3411 802 3473 Alii
816 3413 914 3472 minus
927 3421 1007 3472 recte
1021 3433 1068 3472 me
1081 3411 1150 3484 iat,-

183 3539 264 3578 unus
284 3517 372 3580 Amb.
395 3520 518 3580 interest.

142 3624 166 3700 4
185 3625 362 3712 Caesarem,
383 3627 506 3706 scilicet,
526 3595 711 3709 superiorem
732 3647 811 3712 esse,
837 3626 920 3710 quod
946 3626 1042 3688 solum
1070 3625 1153 3687 Cice-

184 3734 251 3792 roni
266 3732 353 3814 utile,
374 3753 442 3792 nam
464 3755 483 3794 a
502 3735 690 3816 Pompeianis
705 3733 743 3794 ab
757 3755 788 3796 se
808 3732 931 3796 desertis
952 3737 1034 3818 (epp.
1057 3733 1153 3796 CDlV

187 3841 248 3899 init.
270 3851 302 3900 et
322 3839 517 3922 CCCXCVl)
538 3853 601 3903 erat
621 3841 704 3925 quod
726 3845 850 3904 timeret.
870 3843 1015 3925 Moogalt.

146 3943 167 4002 5
187 3945 393 4028 Spintherem,
415 3947 454 4010 de
474 3970 535 4031 quo
560 3971 606 4034 ep.
629 3951 830 4013 CCCXXXV.
857 3949 963 4012 Falsus
989 3962 1088 4014 tamen
1116 3950 1152 4010 dr
1219 3947 1225 3970 ¹
