2910 4954
328 435 398 510 272
669 415 841 471 ΙΡΜΟΜ
867 420 1002 467 cntxtx.
1103 417 1134 466 t.
1151 419 1185 466 v.
1203 419 1232 464 (t.
1251 431 1298 478 7⁰5

326 531 414 608 nihil
439 555 512 602 esse
539 539 655 599 actum
680 523 777 598 aliud
795 525 824 573 ¹³
850 547 931 595 cum
957 521 1133 620 dignitate.
1173 521 1266 594 Nam
1289 535 1329 595 et

324 662 401 762 ipse
426 657 574 754 Caesar,
605 665 768 726 accusata
798 647 987 724 acerbitate
1012 645 1170 722 Marcelli
1189 647 1222 715 14
1247 651 1328 740 (sic

324 787 418 862 enim
449 779 694 885 appellabat),
725 776 937 880 laudataque
970 775 1327 851 honorificentissime

323 928 360 988 et
384 911 558 1014 aequitate
582 921 665 1005 tua,
703 919 740 979 et
771 905 979 1006 prudentia,
1013 917 1159 1005 repente
1184 917 1331 1004 praeter·

321 1065 422 1142 spem
448 1037 558 1136 dixit,
590 1061 628 1110 se
660 1035 797 1108 senatui
828 1033 966 1131 roganti
990 1029 1035 1104 de
1059 1029 1247 1130 Marcello,
1279 1057 1326 1104 ne

320 1164 473 1241 hominis
493 1164 522 1214 ¹⁵
548 1159 692 1263 quidem
717 1184 822 1234 causa
846 1171 1062 1258 negaturum.
1087 1157 1238 1230 Fecerat
1262 1183 1327 1230 au-

321 1305 394 1367 tem
419 1291 487 1364 hoc
514 1302 670 1387 senatus,
702 1301 759 1386 ut,
792 1313 900 1388 quum
925 1312 946 1359 a
970 1287 1009 1358 L.
1033 1284 1163 1357 Pisone
1188 1285 1325 1358 mentio

321 1431 413 1492 esset
436 1417 529 1489 facta
554 1414 598 1488 de
622 1412 805 1513 Marcello,
830 1427 866 1486 et
891 1438 998 1516 quum
1023 1413 1063 1486 C.
1088 1409 1276 1485 Marcellus
1293 1414 1324 1464 ¹⁶

320 1570 358 1620 se
384 1541 431 1616 ad
455 1542 611 1615 Caesaris
636 1540 745 1641 pedes
772 1539 971 1638 abiecisset,
1003 1552 1150 1612 cunctus
1177 1564 1323 1613 consur·

321 1683 417 1770 geret
436 1686 476 1767 ¹⁷,
501 1680 537 1741 et
562 1665 609 1741 ad
633 1669 818 1742 Caesarem
842 1665 993 1768 supplex
1018 1664 1210 1740 accederet
1240 1665 1322 1740 Noli

321 1820 499 1898 quaerere:
525 1795 574 1867 ita
599 1791 686 1866 mihi
710 1792 857 1894 pulcher
881 1793 939 1866 hic
966 1793 1040 1866 dies
1064 1792 1160 1866 visus
1187 1807 1258 1892 est,
1282 1805 1321 1866 ut

320 1911 475 2021 speciem
500 1921 652 2022 aliquam
677 1920 815 1994 viderer
840 1920 959 1994 videre
984 1919 1083 2021 quasi
1112 1921 1321 1994 reviviscen-

319 2047 364 2119 tis
390 2048 439 2119 rei
465 2046 635 2147 publicae.
660 2049 784 2148 Itaque
810 2073 918 2150 quum
944 2070 1066 2120 omnes
1092 2060 1174 2119 ante
1194 2073 1252 2120 me
1268 2071 1320 2120 ru·

320 2173 391 2272 gali
416 2173 543 2270 gratias
568 2173 710 2246 Caesari
733 2174 899 2272 egissent,
915 2187 1055 2272 praeter
1071 2172 1278 2246 Volcatium
1292 2175 1320 2226 ¹⁸

320 2299 371 2388 (is
389 2299 483 2372 enim
499 2298 537 2373 id
553 2324 596 2373 eo
612 2299 694 2376 loco
710 2301 853 2400 negavit
877 2325 913 2373 sc
938 2299 1112 2374 facturum
1137 2300 1245 2376 fuisse
1259 2311 1320 2400 ¹s)3

320 2451 385 2524 ego
417 2441 559 2528 rogatus
590 2430 726 2504 mutavi
759 2455 877 2502 meum
910 2427 1101 2503 consilium.
1132 2427 1226 2502 Nam
1252 2441 1320 2502 sta·

321 2565 472 2653 tueram,
497 2580 570 2628 non
594 2554 793 2628 mehercule
817 2555 959 2654 inertia,
976 2554 1039 2628 scd
1056 2552 1232 2628 desiderio
1253 2559 1320 2656 pri-

320 2679 432 2751 stinae
458 2679 654 2780 dignitatis,
678 2683 717 2754 in
741 2694 951 2782 perpetuum
973 2693 1095 2754 tacere.
1113 2681 1236 2780 Fregit
1253 2682 1319 2758 hoc
1438 2775 1439 2790 ¹

318 2827 438 2873 meum
463 2805 646 2876 consilium
671 2821 707 2878 et
732 2809 889 2880 Caesaris
914 2806 1119 2906 magnitudo
1144 2810 1269 2908 animi,
1285 2823 1319 2883 et

320 2939 460 2998 senatus
486 2929 797 3033 officium.1taque
827 2933 985 3033 pluribus
1010 2933 1125 3008 verbis
1150 2937 1206 3034 egi
1232 2938 1319 3010 Cae-

319 3053 388 3125 sari
413 3054 539 3150 gratias
553 3070 599 3154 203
616 3081 758 3158 meque,
774 3073 912 3159 metuo,
929 3086 974 3133 ne
999 3062 1106 3134 etiam
1129 3062 1168 3134 in
1193 3064 1318 3158 ceteris
1438 3135 1439 3138 ,

317 3177 422 3254 rebus
454 3177 604 3255 honesto
630 3183 704 3256 otio
730 3186 898 3284 privarim
917 3201 959 3285 ²¹,
983 3186 1079 3288 quod
1108 3201 1183 3261 erat
1208 3216 1318 3264 unum
1438 3231 1439 3282 γ

318 3304 482 3378 solatium
507 3305 545 3379 in
569 3307 677 3384 malis.
703 3311 774 3386 Sed
800 3326 937 3412 tamen,
971 3315 1137 3416 quoniam
1155 3332 1188 3364 ²²
1214 3318 1317 3418 effugi

319 3429 394 3502 eius
427 3430 678 3536 offensiopem,
714 3441 774 3541 qui
806 3439 951 3514 fortasse
984 3441 1228 3544 arbitraretur,
1258 3470 1313 3518 me
1438 3469 1439 3480 ³

316 3554 409 3631 lranc
435 3585 508 3634 rem
532 3562 712 3662 publicam
735 3589 810 3641 non
834 3581 979 3667 putare,
1009 3570 1038 3642 si
1064 3585 1238 3670 perpetuo
1261 3585 1312 3645 ta-

318 3707 456 3786 cerem,
482 3687 620 3764 modice
644 3689 714 3766 hoc
739 3691 862 3767 faciam
870 3750 880 3793 ,
906 3709 966 3769 aut
991 3697 1096 3770 etiam
1121 3698 1213 3772 intra
1237 3721 1310 3771 mo-

318 3803 403 3879 dum
416 3812 459 3911 ²³,
483 3829 523 3886 ut
547 3828 584 3888 et
607 3815 698 3892 illius
724 3817 914 3920 voluntati,
938 3835 974 3894 et
998 3824 1083 3896 meis
1103 3824 1228 3900 studiis
1245 3849 1310 3900 ser

317 3931 419 4007 viam.
455 3937 547 4015 Nam
582 3945 648 4020 etsi
679 3972 700 4020 a
732 3946 844 4047 prima
877 3960 990 4022 aetate
1022 3975 1079 4022 me
1112 3954 1227 4028 omnis
1259 3979 1312 4028 ars
