2898 4956
312 439 382 534 21⁴
653 455 823 506 eetsaout
848 457 971 502 cuum.
1088 453 1281 514 uuum

307 563 400 638 fuiti
431 562 507 636 tine
538 559 648 634 met⁵
680 561 728 634 Aa
759 583 825 658 ego
861 557 1021 659 quoties,
1055 580 1162 656 quum
1195 579 1308 634 essem

308 693 441 766 otiosus
448 745 460 789 ,
475 689 551 763 aine
575 699 611 762 te
636 699 755 762 tamen
778 681 895 758 noluii
913 683 995 776 Quo
1012 682 1120 766 modu
1136 681 1207 756 hoc
1224 707 1309 784 ergo
1429 730 1432 744 .

307 815 404 893 lues?
428 841 500 902 uno
524 811 682 914 scilicet,
711 813 741 888 ui
766 811 853 885 mihi
874 809 1005 885 librum
1028 809 1184 884 miserie:
1210 801 1309 913 quud

307 958 349 1018 ut
372 943 506 1042 facias„
531 941 636 1016 etiam
661 953 767 1041 atque
792 937 898 1015 etiam
922 960 1030 1036 rogo:
1062 936 1128 1009 etsi
1151 961 1308 1024 menon

306 1071 422 1172 magis.
441 1069 532 1146 liber
554 1070 631 1171 ipae
658 1063 868 1165 delectabit,
898 1090 1004 1168 quam
1036 1077 1096 1137 tua
1121 1058 1307 1157 admiratio

308 1196 505 1282 delectauit
520 1196 614 1277 Amo
631 1195 724 1275 enim
740 1201 837 1266 πάντα
861 1193 1025 1285 φιλόδημον
1038 1193 1064 1264 ⁶:
1081 1205 1187 1292 teque
1203 1191 1309 1266 istam

311 1336 393 1398 tam.
409 1337 555 1398 tenuem
576 1327 710 1420 θεωρίαν
734 1334 808 1396 tam
833 1317 937 1398 valde
967 1317 1179 1396 admiratum
1212 1343 1308 1418 esee,

309 1449 475 1550 gaudem·
499 1450 566 1525 etei
590 1463 650 1523 tua
676 1447 819 1552 quidem
842 1459 928 1522 aunt
950 1444 1122 1520 eiusmodi
1146 1444 1267 1518 omnia
1282 1463 1309 1518 ι.

311 1575 408 1652 Scire
433 1577 528 1649 enim
551 1577 623 1677 via,
639 1601 710 1678 quo
727 1600 799 1649 uuo
816 1575 952 1648 animus
972 1572 1084 1648 alitur.
1101 1569 1190 1672 Sed,
1205 1595 1310 1674 quae·

307 1726 365 1804 ao,
389 1701 477 1806 quid
499 1727 543 1778 ex
566 1701 634 1778 ieta
659 1715 761 1776 acuta
782 1715 819 1774 et
834 1699 961 1802 gravit
977 1699 1124 1775 refertur
1140 1699 1188 1772 ad
1204 1697 1310 1778 retae?

308 1826 379 1903 Sed
403 1826 507 1928 longa
534 1829 647 1903 oratio
679 1843 756 1928 est,
790 1829 835 1903 ει
855 1842 895 1901 tu
919 1839 1134 1928 occupatus,
1165 1826 1204 1899 in
1227 1849 1308 1900 meo

309 1953 471 2056 quidem,
486 1955 633 2030 fortasse
658 1955 775 2057 aliquo
799 1955 940 2054 negotio
951 1971 976 2026 ⁹.
993 1955 1041 2028 At
1056 1979 1122 2054 pro
1141 1953 1212 2026 isto
1229 1977 1309 2028 asso

307 2078 404 2180 sole,
438 2104 509 2184 quo
541 2095 581 2156 tu
613 2081 742 2156 abusus
775 2107 812 2155 es
836 2083 874 2154 iu
898 2095 1020 2155 nostro
1044 2079 1200 2182 pratulo,
1227 2106 1248 2154 a
1273 2093 1308 2152 te

306 2205 459 2292 nitidum
483 2206 611 2308 solem,
635 2221 850 2308 unctumque
873 2221 1074 2308 repetemus
1094 2224 1133 2279 ¹⁰.
1166 2205 1235 2281 Sed
1260 2205 1307 2280 ad

305 2333 421 2436 prima
445 2334 563 2412 redeo.
587 2334 756 2436 Librum,
786 2335 816 2410 si
841 2359 898 2408 me
923 2361 1019 2411 amaa
1031 2390 1042 2435 ,
1072 2336 1184 2408 mitte.
1208 2333 1305 2409 Tuus

305 2472 364 2536 θῶ
384 2461 481 2544 enim
506 2461 695 2565 profecto,
730 2461 896 2566 quoniam
929 2460 1073 2564 quidem
1103 2473 1160 2536 est
1182 2460 1309 2540 missus

306 2585 354 2661 a'd
377 2586 414 2662 te
430 2605 473 2662 ¹¹.
918 2616 920 2625 ·

344 2779 364 2840 3
404 2781 553 2856 Chreme,
571 2793 729 2846 tantumne
749 2783 790 2846 ab
810 2807 844 2847 re
864 2795 916 2846 tua
937 2795 981 2846 est
1001 2787 1055 2846 otii
1076 2781 1133 2846 tibi
1152 2796 1188 2857 ¹²,

303 2975 344 3037 ut
379 2964 487 3036 etiam
518 2950 706 3041 Oratoreui
736 2968 854 3068 legas?
890 2970 1007 3044 Macte
1039 2971 1188 3044 virtute!
1221 2967 1305 3041 mihi

303 3088 458 3192 quidem·
472 3105 627 3193 gratum3
651 3108 689 3167 et
713 3095 780 3170 erit
802 3097 954 3196 gratiae,
981 3098 1012 3171 ai
1036 3122 1110 3171 uon
1135 3094 1245 3170 modo
1269 3096 1305 3167 iu

301 3215 399 3292 libris
425 3219 511 3319 tuis,
535 3220 598 3294 sed
623 3222 730 3296 etiam
749 3223 786 3296 iu
803 3222 950 3298 aliorum
967 3250 1031 3323 per
1048 3223 1208 3298 librau'os
1226 3236 1305 3296 tuos

300 3341 574 3460 Atistophauem
598 3351 798 3448 reposueris
824 3375 890 3451 pro
915 3349 1046 3451 Eupoli
1067 3355 1106 3423 ¹³.

348 3471 373 3568 4
399 3472 529 3555 Caesus
553 3487 671 3562 autem
696 3477 784 3557 mihi
808 3477 953 3558 irridere
979 3476 1074 3552 ‘visus
1099 3489 1154 3551 est
1170 3497 1302 3582 quaeso

298 3596 388 3686 illud
412 3613 513 3688 tuum
532 3599 573 3702 ιι,
596 3604 695 3712 quod
726 3619 803 3688 erat
835 3608 950 3685 εὐπινὲς
983 3620 1020 3680 et
1044 3603 1229 3695 urbanum.
1254 3605 1304 3680 Ita

298 3749 406 3823 porro
429 3742 467 3806 te
492 3730 568 3813 aine
594 3757 677 3820 unta
703 3759 778 3812 esse
814 3733 937 3831 iussit,
968 3746 1010 3806 ut
1041 3732 1128 3808 mihi
1160 3732 1304 3834 quidem

299 3847 557 3946 dubitationem
581 3882 725 3936 omnem
749 3858 897 3934 tolleret.

349 3973 372 4048 5
398 3981 553 4058 Atticam
577 3983 683 4061 doleo
708 4001 782 4060 tam
808 3987 867 4060 diu
884 3987 930 4060 ¹⁵:
951 3983 1015 4060 aed
1040 3986 1208 4088 quoniam
1233 3986 1301 4060 iam

299 4098 375 4176 sine
399 4101 545 4184 horrore
570 4126 641 4212 eat,
666 4140 770 4215 spero
796 4140 888 4217 esse,
915 4129 955 4189 ut
981 4113 1152 4190 volumus.
