2880 4956
307 434 358 528 64
549 383 554 392 Ι
665 453 834 504 errsroaa
859 455 955 504 corr.
1084 453 1114 502 a
1132 455 1165 504 r.
1184 455 1212 504 c.
1231 455 1279 518 με

306 573 420 634 cessat
444 557 488 632 dc
512 557 616 632 nobis
643 556 834 631 detrahere.
859 555 955 631 Nihil
981 554 1144 629 videlicet
1169 570 1250 630 tuae
1266 557 1309 632 li-

304 699 399 760 terae
424 683 655 788 proiecerunt.
680 681 779 757 Vale.
805 683 893 756 VIII
918 681 970 755 Id.
996 681 1098 762 Mart.

729 933 873 1010 CDVII·
1032 975 1088 1032 (aa
1105 973 1155 1021 aa.
1169 973 1217 1035 xr,
1233 979 1281 1032 ιι)

308 1120 526 1196 Arginusam.
553 1135 561 1174 r
580 1115 628 1175 De
642 1113 734 1176 literis
755 1111 793 1173 ad
815 1111 971 1172 Caesarem
993 1113 1125 1194 scriptis3
1139 1131 1156 1170 a
1170 1109 1209 1171 de
1225 1121 1306 1172 statu

348 1243 448 1285 rerum
471 1225 501 1284 in
522 1221 639 1296 Aliioa3
662 1219 852 1280 adstiteris
879 1239 934 1278 suo
960 1220 1081 1278 nomine
1105 1217 1143 1278 ad
1170 1215 1245 1278 alios
1266 1217 1307 1278 ab

346 1331 446 1390 Attico
466 1325 650 1400 scribendis3
670 1328 691 1403 4
711 1325 749 1387 de
770 1325 911 1387 Gaisonis
931 1324 1078 1386 tarditate.

378 1535 431 1587 Ser.
451 1533 578 1586 Brundisii
597 1537 626 1585 Α.
646 1531 679 1584 V.
697 1533 726 1584 C.
747 1529 868 1597 cmvi,
888 1529 953 1583 vm
972 1529 1010 1584 ld.
1028 1529 1105 1582 nm.
1123 1545 1237 1600 vespm.

615 1730 760 1796 CICERO
785 1728 936 1795 arrico
961 1729 991 1794 S.

357 1965 371 2012 r
401 1935 573 2036 Cephalio
597 1935 682 2008 mihi
709 1961 729 2008 a
755 1950 790 2009 te
813 1934 930 2010 literas
947 1932 1100 2008 redddit
1116 1960 1146 2007 a.
1162 1931 1198 2006 d
1215 1933 1302 2008 VIII

302 2059 354 2140 ld.
380 2063 482 2138 Mart
510 2087 663 2162 vespere.
689 2064 746 2136 Eo
772 2075 889 2136 autem
910 2060 967 2135 die
983 2085 1085 2136 mane
1101 2059 1301 2134 tabellarios

302 2191 482 2288 miseram,
511 2187 636 2289 quibus
663 2186 709 2260 ad
733 2201 768 2260 te
795 2186 961 2261 dederam
985 2183 1113 2261 literas.
1137 2187 1223 2260 Tuis
1248 2199 1301 2260 ta·

301 2340 385 2390 men
410 2313 509 2390 lectis
533 2311 659 2414 literis,
684 2313 806 2415 putavi
827 2313 958 2416 aliquid
975 2307 1235 2388 rescribendum
1251 2340 1302 2387 cs·

301 2469 357 2544 se,
389 2442 556 2542 maxime,
589 2440 685 2544 quod
717 2440 895 2541 ostendis,
927 2455 961 2514 te
992 2439 1144 2544 pendere
1175 2441 1300 2538 animi,

301 2595 489 2671 quamnam
520 2570 692 2643 rationem
726 2569 792 2642 sim
817 2568 957 2644 Caesari
990 2567 1155 2641 allaturus
1183 2567 1299 2667 prole·

300 2695 427 2768 ctionis
464 2719 562 2768 rncae
599 2709 675 2768 tum
687 2751 698 2793 ,
733 2721 843 2796 quum
874 2721 917 2768 ex
943 2693 1042 2768 Italia
1070 2692 1297 2768 discesserim.

299 2817 396 2892 Nihil
421 2843 511 2919 opus
535 2831 590 2892 est
615 2817 702 2892 mihi
726 2847 818 2895 novo
845 2821 990 2896 ratione.
1012 2821 1125 2921 Saepe
1142 2821 1237 2896 enim
1252 2819 1299 2894 ad

299 2965 381 3014 orm
413 2944 554 3044 scripsi,
585 2943 773 3049 multisque
805 2948 989 3046 mandavi,
1020 2971 1094 3021 non
1119 2949 1298 3048 potuisse,

299 3093 408 3169 quum
441 3071 614 3170 rupissem
626 3127 637 3168 ,
673 3098 851 3148 sermones
889 3073 1071 3148 hominum
1108 3076 1300 3172 sustinere,

298 3191 477 3300 multaque
514 3198 552 3269 in
584 3223 661 3270 eam
693 3202 912 3273 sententiam.
951 3198 1046 3306 Ilrhil
1078 3201 1300 3302 animarat,

297 3321 394 3426 quod
431 3322 546 3395 minus
580 3350 659 3398 eum
686 3325 810 3402 vellem
849 3327 1069 3426 existimare,
1102 3353 1208 3430 qnam
1241 3353 1297 3400 me

297 3461 395 3522 tanta
429 3448 473 3522 dc
495 3441 573 3524 're1
601 3475 673 3526 non
695 3477 787 3530 ‚mco
818 3453 964 3553 consilio
990 3481 1091 3528 usum
1116 3480 1200 3528 csse.
1228 3456 1298 3528 Po-

296 3585 387 3672 stea,
423 3593 564 3676 quum²
591 3578 675 3654 milri
708 3579 829 3654 literae
858 3607 878 3654 a
903 3579 1016 3656 Balbo
1042 3579 1205 3656 Cornelio
1230 3582 1297 3654 mi-

295 3720 382 3770 nore
408 3703 532 3776 missae
558 3719 691 3805 essent,
715 3703 846 3778 illum³
872 3706 1089 3807 existimare,
1121 3707 1295 3798 Quintum

295 3819 435 3896 lratoem
460 3825 612 3900 lituumt
628 3855 728 3904 meae
752 3833 978 3930 profectionis
994 3831 1098 3908 fuisse
1112 3835 1182 3920 (ita
1200 3833 1294 3907 enim

294 3947 462 4047 scripsit⁵
479 3963 507 4050 >3
540 3957 600 4056 qui
633 3957 791 4032 nondum
820 3985 1024 4058 cognossem
1051 3957 1210 4062 quaeda
1238 3983 1294 4034 me
