2932 4954
348 379 420 474 524
713 399 981 452 anrorrrronss

382 509 445 566 eius
463 513 604 586 quaestor
628 521 689 562 non
715 501 790 580 luit,
817 523 946 585 eumque
973 501 1100 562 Caesare
1122 504 1256 582 victore,
1280 515 1340 588 post

384 611 496 672 bellum
518 631 586 670 mox
603 613 795 692 restitutum,
826 611 961 670 Cioeroni
991 630 1109 692 semper
1138 613 1341 672 amicissimum

384 719 472 780 ibisne
494 719 627 799 constat,
648 737 732 778 senus
752 737 787 777 ac
807 716 901 795 alter,
921 727 956 778 ut
975 737 993 778 e
1014 727 1151 780 contextu
1172 719 1320 800 epistolae.

344 848 362 888 a
383 827 495 890 Putant
515 828 569 886 viri
590 825 670 886 docti
690 823 782 886 verba
801 823 876 886 haee
888 823 978 888 fuisse
991 823 1070 884 Galli
1091 845 1129 886 ex
1148 845 1204 886 sua
1225 827 1343 908 epistola

384 932 514 1016 qundm
535 931 574 992 ad
595 931 779 994 Ciceronem.
805 933 881 992 Nam
907 951 1001 1014 quum
1028 929 1076 992 ilie
1102 930 1271 994 acerbiores
1294 933 1344 994 de·

385 1041 474 1102 disset
493 1039 532 1100 ad
552 1061 623 1102 eum
642 1039 759 1123 literas,
778 1037 932 1102 benefins
943 1059 997 1100 sua
1023 1041 1244 1122 improperans,
1267 1042 1344 1124 quod

386 1158 526 1232 quaestor
545 1169 616 1210 eum
636 1147 832 1226 observasset,
856 1145 1008 1208 consulem
1027 1145 1137 1210 scilieet
1156 1158 1286 1210 sectatus
1303 1170 1345 1208 es·

386 1267 431 1318 set
449 1255 571 1318 honoris
592 1277 701 1335 cama,
721 1265 751 1316 et
771 1253 962 1336 suffragando
983 1256 1130 1340 iurasset,
1156 1265 1187 1316 et
1206 1255 1290 1338 quod
1309 1255 1343 1316 de

384 1365 586 1425 coniuratione
611 1362 781 1424 Catilinaria
805 1362 962 1424 detexisset
988 1360 1099 1444 multa,
1125 1359 1270 1442 quodque
1296 1365 1345 1424 tri·

383 1469 530 1532 baustum
544 1470 584 1554 pl.
598 1473 726 1553 petiisset
746 1469 896 1530 Ciceronis
916 1467 1075 1531 exsulantis
1096 1487 1202 1550 eausa3
1216 1471 1270 1550 qui
1285 1491 1347 1528 rur·

386 1599 436 1638 sus
456 1580 542 1638 amisi
561 1577 737 1640 benemeriti
757 1576 883 1638 salutem
903 1575 968 1658 (ep.
983 1573 1155 1656 eLxxtX)
1170 1574 1346 1658 negligerem

387 1685 491 1747 Cicero
512 1683 746 1746 stomacnbunde
765 1686 858 1744 iratus
878 1681 1038 1766 respondet
1053 1680 1276 1765 reprebendens
1289 1687 1347 1744 eius

386 1791 606 1876 improbitatem
628 1795 658 1852 in
679 1789 848 1876 culpando,
879 1811 974 1873 quum
994 1788 1036 1852 ob
1056 1791 1141 1862 sortis
1162 1793 1348 1872 quaestoriae

386 1901 623 1961 coniunctionem
643 1899 727 1982 (epp.
749 1898 881 1960 CCLXII
902 1909 934 1960 et
953 1895 1173 1978 CDXXXVII)
1191 1896 1348 1958 observare

386 2009 484 2088 ipsum
510 2008 638 2090 parentis
668 2006 734 2068 looo
765 2004 897 2068 deberet.
924 2006 946 2066 l.
973 2005 1025 2064 Fr.
1052 2005 1206 2066 Gronorio
1232 2003 1349 2066 videtin

387 2111 521 2172 Tullium
541 2109 635 2174 verba
654 2111 730 2172 baec
744 2111 801 2172 alio
814 2133 902 2174 sensu
915 2110 1004 2172 Gallo
1017 2109 1155 2172 reddere:
1171 2132 1243 2172 nam
1257 2133 1348 2194 quum

387 2217 436 2280 hio
456 2216 576 2280 obiiciat
596 2218 730 2280 Ciceroni
757 2218 872 2280 cultum
898 2229 928 2280 et
954 2216 1051 2280 officia
1073 2220 1101 2278 oi
1119 2221 1283 2300 praestita,
1303 2219 1350 2279 Ci-

387 2347 457 2386 cero
477 2325 517 2386 illi
537 2325 629 2388 verba
648 2337 823 2412 retorquet,
854 2347 962 2410 nempe
993 2347 1025 2386 se
1056 2328 1204 2386 intentum
1231 2329 1262 2386 in
1283 2347 1348 2386 eum

387 2433 492 2517 fuisse,
512 2456 547 2495 ac
567 2437 631 2496 eius
652 2437 781 2498 actiones
802 2415 980 2518 explorasse,
1000 2455 1038 2494 ne
1058 2443 1200 2516 quaestor
1220 2433 1349 2516 quidde

386 2544 513 2626 pecunia
532 2541 652 2626 publiea
671 2541 876 2604 suffuraretur.
898 2539 1003 2600 Lamb.
1017 2560 1069 2622 ego
1083 2539 1161 2600 enim
1175 2553 1203 2600 te
1216 2536 1349 2624 (inquis)

387 2651 419 2710 in
437 2672 463 2710 e.
484 2670 528 2723 o.‚
542 2665 627 2712 'unus
647 2649 733 2712 emh.
753 2669 975 2722 minervarum,
996 2657 1031 2708 ut
1050 2649 1191 2708 nimirum
1213 2651 1348 2710 coniicia-
1440 2711 1441 2732 q

387 2754 441 2816 bat
461 2755 623 2820 Corradus.
1440 2835 1441 2844 ἵ

348 2860 367 2920 3
387 2859 434 2922 Ab
454 2861 577 2944 exsilio,
596 2861 748 2922 Manutius
769 2861 920 2944 explanat,
940 2860 993 2922 sed
1014 2860 1052 2922 de
1073 2861 1176 2922 Sextio
1198 2861 1351 2944 intelligit,

387 2977 539 3050 utsupra
560 2967 675 3030 Verum
694 2965 744 3030 hic
764 2971 950 3054 interpretari
976 2980 1074 3052 potest
1100 2969 1139 3030 de
1166 2973 1351 3032 restitutione

388 3073 524 3159 honoris,
545 3077 742 3156 magistratus.
916 3102 918 3115 ·

346 3183 368 3260 4
387 3183 516 3266 Aulique
535 3203 592 3266 pro
609 3183 723 3266 plebis,
744 3183 827 3266 quod
846 3183 959 3246 babent
979 3183 1035 3244 alii.
1050 3183 1127 3246 Vide
1141 3183 1297 3245 Drakenb.
1314 3182 1351 3243 ad

387 3291 505 3350 Livium
525 3291 573 3368 ll,
598 3290 661 3374 433
688 3291 764 3352 Gell.
785 3291 861 3372 Vll,
887 3313 931 3376 ip
955 3291 1030 3354 Mea
1052 3311 1148 3352 causa
1166 3292 1300 3374 petisse,
1321 3301 1353 3350 ut

385 3417 434 3456 me
456 3395 495 3456 ab
516 3395 618 3460 exsilio
639 3401 817 3460 restitueres.

345 3501 367 3564 5
386 3505 460 3564 Nam
481 3507 533 3586 qui
554 3504 691 3566 tribunus
712 3517 771 3588 est,
791 3509 853 3588 ipse
873 3504 965 3568 habet
984 3509 1030 3568 ius
1051 3504 1266 3568 intercedendi.
1280 3503 1353 3566 Ma·

386 3625 444 3672 nul.
459 3613 524 3674 Non
546 3631 667 3692 rogares
688 3625 722 3676 ut
743 3635 799 3695 ego
819 3635 875 3696 pro
896 3623 925 3675 te
947 3614 1030 3696 apud
1044 3615 1203 3676 Caesarem
1225 3617 1352 3674 interce·

387 3717 498 3782 derern.
513 3719 541 3780 1.
555 3720 591 3782 F.
613 3720 740 3782 Gronov.
759 3721 873 3784 Omnes
892 3723 1019 3806 interpp.
1042 3723 1238 3800 conveniunt,
1253 3725 1351 3782 iocum

388 3845 450 3886 esse
470 3828 502 3886 in
522 3825 673 3909 ambiguo.

347 3930 369 3994 6
389 3930 438 3993 Sic
456 3933 654 4016 probatissimi
674 3935 761 4000 oodd.
782 3947 813 3996 et
831 3935 901 3998 edd.
920 3947 990 4000 vett.
1006 3957 1075 4003 sum
1090 3937 1154 4020 ipso
1168 3935 1277 3998 Lamb.
1291 3932 1351 3998 Ali·
