2898 4956
327 422 399 494 ²7⁰
663 419 831 466 rrrsroua
857 419 996 467 cccxix
1106 421 1137 471 a.
1155 422 1189 466 v.
1207 422 1237 468 u
1255 435 1303 481 ,η

326 524 412 595 dum
436 524 577 621 inopem
602 547 773 618 agnosco:
804 527 1020 616 cimaea
1044 521 1141 592 enim
1165 547 1241 595 non
1265 547 1327 596 ue-

325 675 422 723 cesse
445 661 511 722 est:
527 645 591 721 sed
607 661 725 721 tamn
749 645 846 720 idem
863 659 953 738 (nec
969 645 1041 722 hoc
1058 650 1328 742 εἰρωνευόμῡιςὲ)

321 775 424 862 facile
448 774 538 852 cedo
564 789 705 850 tuomm
738 775 952 876 scriptorum
984 773 1171 848 subtilitati
1195 789 1233 848 et
1257 773 1329 849 ele·
1391 811 1395 820 ·

321 905 461 1006 gantiae
476 903 502 976 4.
527 901 723 978 Consilium
748 915 866 1002 mum,
895 927 967 1004 quo
994 917 1029 974 te
1053 929 1158 975 usum
1180 901 1330 1002 scribis,

320 1030 390 1104 lioc
413 1030 607 1106 Achaicum
633 1029 844 1130 negotium⁵
861 1055 937 1104 uon
961 1031 1194 1130 mcumvisse,
1218 1055 1329 1131 mum

320 1183 460 1258 semper
482 1157 745 1258 probavissem,
777 1169 855 1229 tum
882 1154 996 1230 multo
1020 1157 1131 1254 magis
1155 1153 1328 1256 probavi,

319 1282 419 1358 lectis
445 1285 513 1356 tuis
538 1283 709 1382 proximis
741 1281 861 1356 literis.
899 1285 1033 1356 Omnes
1060 1284 1156 1355 euim
1180 1307 1324 1377 causae,

322 1435 409 1512 quas
440 1433 719 1509 commemoras,
754 1410 964 1484 iustissimae
996 1423 1100 1508 sunt,
1132 1422 1264 1511 tuaque
1291 1422 1327 1482 et

321 1536 530 1610 auctoritate
554 1550 592 1608 et
614 1533 803 1636 prudentia
830 1536 1064 1636 dignissimae
1087 1534 1198 1629 Quod
1227 1534 1327 1608 aliter

322 1661 489 1735 cecidisse
513 1687 589 1735 rem
613 1663 791 1736 existimas
808 1665 835 1762 ⁶,
866 1677 973 1765 atque
1004 1663 1170 1764 opinatus
1195 1663 1265 1763 sis,
1288 1659 1326 1734 id

323 1787 387 1864 tibi
411 1787 508 1864 nullo
534 1787 643 1864 modo
668 1790 850 1864 assentior.
877 1789 948 1864 Sed
973 1792 1056 1892 quia
1077 1803 1176 1862 tauta
1192 1803 1324 1890 pertur-

320 1915 420 1990 batio
444 1930 481 1990 et
505 1915 663 1992 coufirsio
690 1931 744 1990 cst
768 1941 903 2016 rerum,
919 1918 969 1989 ita
988 1915 1176 2016 perculsar
1194 1931 1232 1990 et
1248 1941 1324 2017 pro-

323 2055 430 2116 strata
456 2041 658 2115 foedissimo
683 2041 777 2116 bello
802 2043 919 2114 iacent
943 2044 1079 2144 omnia,
1095 2056 1137 2116 ut
1152 2043 1183 2116 is
1200 2045 1323 2145 cuique

322 2167 443 2268 locus,
467 2167 529 2240 ubi
553 2169 629 2269 ipse
654 2170 716 2268 sit,
751 2194 792 2240 ac
817 2167 884 2240 sibi
910 2171 1089 2271 quisque⁸
1114 2170 1324 2244 miserrimus

324 2321 401 2370 esse
426 2293 608 2395 videatur3
632 2310 822 2397 propterea
847 2310 884 2367 et
908 2297 960 2369 tui
983 2309 1020 2368 te
1044 2295 1183 2370 consilii
1206 2297 1324 2397 poeui-

325 2435 393 2523 tet,
416 2436 454 2496 et
478 2448 565 2526 nos,
589 2424 651 2525 qui
677 2423 775 2497 domi
799 2449 934 2522 sumus,
952 2422 1017 2496 tibi
1032 2421 1127 2495 beati
1153 2422 1324 2497 videmm:

325 2565 363 2623 at
387 2565 510 2625 contra
533 2551 658 2651 nobis,
675 2576 749 2625 uon
767 2566 804 2624 tu
823 2550 966 2652 quidem
984 2575 1115 2624 vacuus
1141 2550 1324 2648 molestiis,

324 2674 389 2750 sed
412 2703 497 2777 prae
521 2677 626 2752 uobis
650 2678 783 2752 beatus.
809 2679 926 2778 Atque
950 2676 1018 2750 hoc
1036 2677 1115 2778 ipso
1132 2675 1260 2750 melior
1274 2690 1324 2751 est
1434 2693 1435 2712 l

326 2816 407 2900 tua,
439 2830 545 2902 quam
577 2817 697 2876 nostra
730 2802 909 2902 conditio,
941 2803 1039 2905 quod
1065 2817 1124 2902 tu,
1149 2803 1238 2905 quid
1263 2803 1323 2876 do·
1434 2873 1435 2906 ζ

325 2927 396 3000 leus
410 2946 437 3026 ⁹,
468 2929 619 3002 scribere
657 2927 783 3027 audes,
821 2955 887 3004 uos
919 2955 964 3003 ne
997 2930 1034 3004 id
1067 2930 1213 3032 quidem
1249 2944 1322 3003 tuto
1434 2993 1435 3010 i

324 3080 526 3156 possumus:
552 3080 618 3127 nec
644 3053 681 3127 id
707 3057 849 3128 victoris
875 3057 979 3157 vitio,
999 3082 1069 3158 quo
1094 3056 1181 3130 nihil
1209 3057 1323 3131 mode
1434 3045 1435 3058 ¹

325 3182 463 3280 ratius,
478 3181 540 3254 sed
565 3181 676 3282 ipsius
702 3181 893 3282 victoriae,
924 3210 1014 3286 quae
1040 3181 1201 3258 civilibus
1226 3181 1322 3256 hellis

324 3333 463 3411 semper
488 3321 541 3382 est
564 3308 726 3383 insolens.
747 3307 831 3383 Vno
857 3323 893 3382 te
918 3311 1090 3384 vincimus
1106 3329 1146 3412 ¹⁰,
1163 3309 1263 3414 quod
1282 3309 1321 3382 de

324 3433 499 3536 Marcelli,
524 3435 678 3536 collegae
696 3437 748 3510 tui
762 3451 801 3537 ¹¹,
817 3435 948 3537 salute,
962 3437 1083 3539 paullo
1100 3452 1200 3538 aute,
1219 3461 1319 3539 mam

325 3577 381 3662 tu,
406 3565 656 3664 cognovimus:
682 3564 788 3638 etiam
811 3563 1031 3666 mehercule,
1063 3563 1177 3667 quod,
1202 3589 1319 3666 quem

325 3689 517 3766 admodum
542 3718 583 3766 ea
607 3717 662 3768 res
679 3703 853 3792 ageretur,
869 3691 1031 3767 vidimus.
1049 3691 1138 3767 llam
1157 3692 1208 3764 sic
1225 3691 1277 3762 fac
1291 3703 1318 3740 ¹¹

326 3817 520 3893 existimes:
552 3831 636 3921 post
666 3819 730 3894 has
761 3820 951 3918 miserias,
971 3819 1009 3893 id
1034 3833 1109 3918 est,
1134 3832 1316 3919 postquam

212 3924 214 3946 ¹
327 3943 430 4016 armis
467 3944 656 4048 disceptari
688 3961 853 4048 coeptum
886 3961 939 4022 est
977 3946 1021 4020 de
1054 3949 1127 4020 iure
1156 3943 1318 4046 publico,
1434 4019 1435 4028 χ
