2910 4954
336 443 407 540 278
674 453 843 506 errsrom
868 455 990 504 cntxx.
1116 453 1199 502 nv.
1219 459 1247 504 c.
1267 471 1314 520 5⁰7

334 581 404 640 stra
423 561 591 636 divinatio
608 556 721 658 fallet,
745 584 849 659 quam
868 583 976 658 quum
996 557 1338 656 sapientissimorum

333 694 489 766 rimmm
521 686 759 761 monumentis
779 662 809 736 ὓ
836 697 940 784 atque
975 685 1194 784 praeceptis,
1228 685 1341 785 pluri-

330 843 473 920 moque,
497 829 538 888 ut
563 828 601 887 tu
627 813 708 911 scis,
736 809 917 884 doctrinae
943 808 1077 907 studio,
1103 824 1178 883 tum
1205 837 1337 911 magno

332 946 438 1017 etiam
463 969 527 1016 usu
555 938 757 1014 tractandae
785 940 832 1010 rei
858 936 1037 1039 publicae,
1062 963 1261 1039 magnaque
1279 967 1341 1014 no-

328 1085 484 1144 strorum
514 1082 715 1167 temporum
747 1065 917 1160 varietate
936 1067 965 1114 ¹³
991 1067 1173 1138 consecuti
1208 1092 1338 1143 sumus.

329 1197 396 1272 Cui
415 1195 557 1298 quidem
574 1193 784 1268 divinationi
801 1191 871 1265 hoc
888 1191 967 1292 plus
992 1191 1225 1290 confidimus,
1243 1194 1340 1294 quod

330 1350 370 1398 ea
403 1348 470 1396 nos
500 1320 590 1394 nihil
615 1323 651 1392 in
676 1320 730 1393 his
756 1333 828 1392 tam
855 1319 1013 1392 obscuris
1037 1318 1167 1418 rebus,
1193 1333 1338 1422 tamque

328 1445 563 1552 perturbatis,
596 1472 763 1550 umquam
801 1445 946 1519 omniuo
984 1443 1110 1518 fefellit.
1144 1445 1336 1546 Dicerem,

329 1601 419 1677 quae
437 1588 517 1648 ante
534 1574 650 1647 futura
669 1571 849 1672 dixissem,
874 1573 910 1690 ni
936 1598 1091 1671 vererer,
1107 1599 1152 1646 ne
1171 1597 1214 1645 ex
1232 1600 1338 1646 even-

327 1701 373 1774 tis
398 1702 529 1799 lingere
554 1699 701 1774 viderer.
727 1699 798 1773 Sed
818 1713 935 1774 tamen
952 1698 1091 1800 plurimi
1111 1713 1194 1774 sunt
1213 1715 1338 1800 testes,

327 1851 385 1900 me
411 1841 447 1900 et
470 1827 590 1926 initio,
612 1852 658 1900 ne
675 1827 903 1925 coniungeret
919 1853 956 1900 se
973 1852 1055 1900 cum
1072 1827 1242 1924 Caesare,
1259 1853 1335 1902 mo·

328 1955 444 2026 nuisse
470 1954 696 2052 Pompeium,
721 1967 759 2025 et
783 1966 923 2053 postea,
946 1979 991 2025 ne
1010 1955 1214 2052 seiungeret.
1243 1954 1336 2028 Con-

327 2079 507 2150 iunctione
534 2079 645 2176 frangi
671 2093 811 2150 senatus
842 2104 947 2178 opes,
973 2078 1209 2152 disiunctione
1235 2079 1335 2153 civile

326 2201 458 2277 bellum
485 2204 628 2277 excitari
653 2201 829 2277 videbam.
854 2205 971 2306 Atque
990 2202 1021 2271 ¹4
1046 2205 1171 2280 utebar
1193 2207 1335 2280 familia·

253 2312 260 2327 ⁴
325 2331 460 2406 rissime
486 2331 653 2430 Caesare,
678 2331 891 2436 Pompeium
906 2331 1076 2406 faciebam
1095 2332 1254 2433 plurimi:
1271 2333 1332 2406 sed

326 2471 402 2532 erat
426 2483 543 2532 meum
569 2455 753 2534 consilium
780 2483 887 2560 quum
911 2457 1014 2530 fidele
1039 2461 1230 2560 Pompeio,
1258 2476 1331 2533 tum

323 2583 476 2660 salutare
514 2585 659 2686 utrique.
699 2585 799 2675 Quae
836 2598 1014 2684 praeterea
1053 2585 1273 2684 providerim
1293 2591 1330 2686 ¹⁵,
1437 2677 1438 2686 ἵ

324 2723 515 2807 praetereo.
541 2709 635 2782 Nolo
661 2712 752 2782 enim
780 2710 875 2784 bunc
902 2710 945 2782 de
972 2737 1027 2782 me
1058 2715 1193 2811 optime
1230 2716 1330 2788 meri·
1437 2715 1438 2726 ’

323 2847 400 2905 tum
425 2836 638 2933 existimare,
664 2863 704 2908 ea
729 2863 786 2908 me
813 2839 961 2910 suasisse
995 2841 1169 2940 Pompeio
1190 2847 1231 2941 ¹⁶,
1258 2845 1330 2945 qui·

320 2957 390 3032 bus
416 2957 473 3030 ille
499 2959 528 3030 si
561 2961 749 3060 paruisset,
774 2976 865 3035 esset
892 2963 949 3035 hic
975 2965 1118 3064 quidem
1152 2967 1269 3044 clarus
1294 2973 1329 3043 in

323 3099 423 3186 toga,
441 3099 476 3158 et
496 3084 677 3194 princeps,
702 3085 766 3160 sed
789 3101 903 3162 tantas
929 3117 1033 3192 opes,
1060 3109 1212 3194 quantas
1239 3122 1330 3170 nunc

322 3208 448 3311 habet,
472 3238 546 3286 non
570 3209 722 3304 haberet.
750 3215 915 3288 Eundum
943 3217 979 3288 in
1005 3217 1217 3320 Hispaniam
1251 3250 1330 3296 cen·
1435 3319 1436 3322 Ἴ

322 3341 377 3412 sui
397 3355 441 3436 ¹⁷3
466 3338 616 3440 quodsi
642 3339 795 3438 fecisset,
821 3341 923 3416 civile
948 3341 1079 3416 bellum
1102 3347 1242 3424 nullum
1260 3377 1329 3424 om·
1435 3329 1436 3336 ἵ

322 3467 406 3540 nino
432 3465 560 3540 suisset.
586 3467 771 3542 Rationem
795 3467 917 3544 haberi
934 3469 1089 3546 absentis
1105 3475 1148 3574 ¹⁸,
1163 3501 1240 3551 non
1259 3493 1325 3552 tam

321 3595 491 3694 pugnari,
508 3607 549 3666 ut
563 3593 698 3693 liceret,
715 3619 821 3695 quarn
839 3609 892 3694 ut,
910 3597 1068 3698 quando,
1084 3601 1165 3701 ipso
1184 3606 1326 3678 consule
1434 3601 1435 3626 ³

320 3735 500 3818 pugnante
527 3737 567 3820 ¹9,
590 3719 744 3820 populus
779 3721 948 3818 iusserat,
982 3723 1180 3802 baberetur.
1217 3733 1325 3806 Causa

321 3859 398 3917 orta
422 3845 505 3920 belli
531 3863 584 3921 est
601 3863 642 3918 ²⁰.
671 3845 767 3939 Quid
793 3871 857 3946 ego
883 3853 1102 3948 praetermisi
1129 3871 1191 3928 aut
1218 3861 1325 3932 moni·
1433 3899 1434 3925 i

321 3983 454 4070 torum,
481 3988 541 4046 aut
570 3975 806 4074 querelarum,
839 3999 946 4074 quum
981 3977 1037 4051 vel
1071 3981 1323 4083 iniquissimam
