2932 4954
324 365 399 446 528
696 381 965 436 anaortrronu

324 493 365 556 26
383 491 465 552 Olim
493 487 582 570 vulgo
613 505 683 546 enm
713 486 861 568 aliquibus
879 507 947 596 nass.
965 483 1191 568 giadrntonrm3
1220 491 1330 571 inepte.

362 599 437 661 Mox
456 617 512 682 pro
532 595 662 656 extemis
683 613 737 654 ma
758 593 851 675 aliqui
870 593 1019 655 extremis.

749 911 911 974 cntxtx.

330 1155 340 1194 r
366 1132 473 1194 lisdem
494 1129 592 1192 verbio
612 1130 743 1212 scriptae.
766 1123 955 1189 Graeavid.
977 1147 1024 1210 ep.
1037 1126 1116 1188 CDL
1135 1129 1212 1208 inte,
1225 1131 1328 1207 noti.

198 1235 203 1250 ’
325 1261 344 1302 a
365 1239 469 1300 Lamb.
490 1237 599 1320 aliique
617 1257 747 1320 agneten
768 1253 821 1296 nee
839 1255 872 1318 p.

325 1349 344 1410 3
364 1351 440 1410 Tres
460 1343 568 1406 Ambb.
591 1356 622 1406 et
646 1343 693 1406 ed.
718 1345 805 1406 Rom.
829 1339 1023 1415 Ιψνῐύομῑῑς
1046 1341 1157 1424 quibus
1185 1348 1331 1405 consentit

365 1454 440 1514 alius
457 1452 518 1514 hoe
538 1451 665 1514 verbum
684 1450 775 1512 latIne
793 1449 922 1510 reddens
941 1449 1106 1510 dr'asinrulo.
1126 1449 1234 1510 Otiooa
1255 1451 1330 1512 forte

364 1573 409 1622 eat
428 1561 594 1640 corr-aetiot
614 1579 685 1620 nam
705 1559 856 1640 eleganter
875 1559 1062 1640 participium
1087 1555 1163 1616 solet
1182 1561 1330 1640 usurpari.

363 1669 460 1752 Supra
481 1688 534 1728 ms.
555 1668 677 1728 Graevii
695 1667 782 1750 prim.
803 1663 925 1740 t'psstt'm·

323 1776 344 1853 4
364 1773 516 1836 Subtilitas
537 1776 567 1834 in
587 1774 753 1855 sententiis,
773 1770 918 1852 elegantia
938 1773 969 1830 in
988 1767 1104 1850 verbiat
1118 1767 1178 1829 rid.
1194 1772 1228 1832 in
1245 1771 1328 1832 Brut

363 1905 388 1944 c.
410 1883 459 1958 42.
480 1881 597 1942 Manat.

322 1988 343 2050 5
364 1988 493 2048 Achaiae
524 1983 775 2047 administrandae
804 2005 908 2046 euram
939 2005 957 2044 a
988 1983 1116 2045 Caesare
1146 1985 1326 2047 mandatam.

362 2094 459 2155 Idem.

322 2201 499 2281 6Putasti,
522 2211 574 2282 te,
599 2219 694 2282 quum
720 2197 759 2258 ab
785 2197 863 2259 urbe
883 2197 1015 2280 abersee
1040 2219 1059 2258 a
1078 2197 1220 2260 molestiis
1241 2201 1326 2260 etiarn

363 2309 547 2370 abfuturum.
568 2306 637 2368 Vid.
659 2305 698 2366 ad
719 2328 765 2391 ep.
786 2306 891 2366 cxttt.
912 2305 1008 2367 Idem.

323 2439 341 2499 7
363 2417 446 2478 Libri
465 2427 536 2478 vett
556 2413 688 2498 aliquot,
709 2424 743 2475 ut
762 2413 836 2476 Peli.
858 2413 920 2476 duo
939 2425 971 2476 et
982 2413 1029 2474 ed
1044 2413 1147 2494 Rern,
1164 2415 1326 2496 praecino

361 2523 409 2586 vel
426 2525 581 2608 perelecta,
602 2532 637 2584 nt
655 2525 742 2606 prim.
763 2521 892 2583 Graevii.

320 2629 342 2694 8
362 2633 412 2693 sio
431 2642 513 2694 certe
532 2629 653 2714 metius,
672 2640 707 2691 ut
727 2639 771 2690 eet
789 2631 820 2690 tn
840 2627 902 2688 Pit
922 2627 951 2690 5.
971 2627 1092 2690 Mentet.
1115 2639 1146 2690 et
1164 2628 1254 2690 Δηὼ.
1281 2629 1325 2706 ι4,

362 2737 431 2798 lieet
449 2739 480 2799 in
499 2737 559 2798 hoe
578 2747 729 2820 postremo
750 2757 789 2798 ex
808 2735 945 2816 emend,
965 2757 1057 2818 quam
1077 2734 1157 2818 vulg.
1178 2749 1213 2796 ut
1230 2759 1256 2796 s.
1274 2759 1323 2820 q.‚·

360 2863 431 2904 nana
451 2845 491 2903 ito
511 2843 692 2905 miserrimus
712 2854 743 2904 et
762 2842 801 2904 ad
821 2842 921 2904 locum
935 2841 1019 2904 etad
1036 2863 1196 2926 personam
1217 2864 1325 2926 oppon

362 2961 435 3012 tune
454 2947 599 3029 refertur,
618 2961 655 3011 ut
672 2953 790 3011 monuit
809 2953 831 3012 1.
851 2951 887 3012 F.
909 2951 1095 3032 Gmnorius3
1110 2949 1148 3010 de
1162 2953 1249 3010 cuins
1262 2972 1325 3011 sen·

362 3059 456 3120 tentia
475 3055 598 3118 Latlem.
620 3069 650 3118 at
670 3056 748 3118 oliv.
769 3056 928 3120 ediderunt
955 3069 984 3119 et
1012 3058 1070 3118 sthi
1097 3059 1234 3142 qui-tque.
1261 3059 1325 3118 Hor.
1445 3089 1446 3098 ι

361 3185 453 3248 porro
473 3175 571 3226 totum
591 3185 610 3224 a
630 3185 697 3224 nass.
719 3164 914 3248 quibusdam,
934 3167 963 3225 in
984 3163 1064 3248 aliis,
1083 3175 1120 3226 nt
1139 3165 1252 3226 Ambb.
1273 3165 1324 3225 ali·

362 3283 457 3356 quot,
477 3285 506 3334 et
523 3283 640 3333 tantum
662 3271 754 3334 abeat.

321 3401 344 3464 9
363 3373 430 3440 Hoc
448 3379 575 3463 praetuli
596 3399 666 3440 eum
686 3379 791 3442 Lamb.
812 3378 929 3440 setina
950 3377 1072 3461 aliisque
1092 3399 1127 3440 ex
1146 3399 1216 3440 mss.
1233 3379 1324 3463 pluri·

361 3486 419 3548 bus
438 3487 560 3569 vulgato
579 3486 688 3550 doleat
708 3487 806 3570 Aliqui
825 3485 910 3571 quod
927 3486 1084 3550 dotas-
1096 3487 1226 3549 adeas.

326 3616 361 3658 ιο
381 3595 449 3656 Vno
467 3616 501 3656 re
521 3593 635 3658 meliori
657 3595 825 3656 conditione
846 3615 969 3677 sumus,
989 3593 1073 3678 qnod
1092 3605 1148 3655 etc.
1180 3595 1231 3655 Sic
1252 3615 1321 3656 vero

360 3700 488 3782 edimus,
501 3713 537 3764 ut
550 3703 661 3786 optime
675 3704 841 3763 coniecerat
854 3701 1023 3785 Ernestius,
1036 3711 1067 3762 et
1080 3699 1175 3762 edidit
1188 3700 1321 3780 Sehtitr„

359 3827 416 3888 pro
435 3808 556 3892 vulgato
574 3810 705 3870 vicr'rruoe.
717 3808 808 3870 Nobis
821 3807 921 3870 favent
932 3819 993 3870 tree
1004 3807 1114 3871 tmbb.
1128 3807 1241 3892 aliique
1254 3802 1320 3868 virt

360 3913 446 3975 oodd
467 3915 572 3978 Noster
597 3915 632 3978 16
652 3939 711 3980 uno
732 3929 758 3978 te
777 3937 802 3977 v.
823 3917 886 3999 qui.
