2880 4956
329 407 379 504 44
707 427 879 482 00000000
903 429 956 480 00.
1105 427 1183 482 nv.
1202 430 1230 480 c.
1248 427 1296 497 qus

329 535 431 610 terit:
456 529 553 636 quod
576 551 670 606 nune
695 531 837 634 quidem
862 530 966 607 video
991 555 1064 606 nou
1089 555 1182 630 esse,
1203 532 1268 608 sed
1291 538 1320 610 si

328 658 430 763 quid,
455 681 498 733 err
523 660 657 734 eventis
672 675 712 757 ¹⁰3
731 673 773 732 ut
796 657 865 732 hoc
889 681 984 732 nuuc
1008 656 1146 734 accidit
1172 658 1321 736 Dicebar

328 785 489 860 debuisse
514 788 594 859 cum
617 787 790 886 Pompeio
806 781 990 885 proficisci.
1006 785 1132 856 Exitus
1147 783 1239 858 illius
1255 788 1321 858 mi·

325 913 404 986 nuit
428 910 501 986 eius
525 905 631 986 officii
655 909 890 1012 praetermissi
915 909 1229 1009 reprehensionem.
1250 909 1319 986 Sed

324 1063 368 1112 ex
392 1029 555 1114 omuibus
579 1036 666 1112 nihil
691 1037 800 1138 magis
825 1049 943 1110 tamen
964 1033 1197 1134 desideratur,
1214 1059 1319 1140 00000

324 1162 421 1266 quod
444 1165 482 1238 in
505 1163 660 1240 Africam
684 1188 758 1236 non
791 1163 889 1236 ierim
910 1177 949 1234 ¹¹.
982 1157 1117 1235 Iudicio
1146 1158 1215 1235 hoc
1241 1187 1318 1236 sum

321 1315 423 1388 usus,
446 1315 520 1364 non
545 1311 620 1364 esse
644 1287 802 1363 barbaris
825 1287 961 1362 auxiliis
980 1287 1217 1362 fallacissimae
1235 1314 1317 1388 geu·

321 1415 367 1488 tis
391 1413 669 1515 rempublicam
695 1412 968 1513 defendendam,
999 1415 1203 1513 praesertim
1231 1439 1317 1488 cou-

320 1551 374 1614 tra
399 1540 589 1613 exercitum
613 1563 718 1639 saepe
742 1540 922 1614 victorem.
955 1538 1038 1613 Non
1069 1538 1223 1639 probant
1248 1539 1316 1616 ior·

320 1677 420 1738 tasse.
446 1664 579 1740 Multos
604 1665 698 1739 enim
715 1666 809 1740 viros
825 1665 939 1739 bonos
956 1666 994 1738 in
1010 1664 1163 1740 Africam
1180 1667 1315 1741 venisse
1430 1693 1431 1702 ¹

229 1849 239 1856 .
318 1789 446 1894 audio,
481 1806 518 1865 et
550 1791 624 1866 scio
653 1783 758 1868 fuisse
782 1805 893 1866 antea.
919 1789 1035 1864 Valde
1059 1789 1233 1866 hocloco
1258 1815 1315 1867 00·

317 1943 410 2018 geor.
434 1919 503 1992 Hic
528 1945 667 2022 quoque
692 1944 782 2020 opus
808 1931 861 1992 est
886 1944 968 1992 casu
983 1933 1030 1990 ¹²:
1047 1915 1153 2019 aliqui
1177 1915 1248 1991 sint
1272 1942 1314 1992 ex

316 2044 382 2142 iis,
406 2058 483 2144 aut,
507 2046 536 2118 si
560 2059 702 2146 potest,
734 2070 874 2146 omnes,
906 2046 967 2148 qui
994 2044 1142 2120 salutem
1167 2055 1314 2145 antepo-

316 2181 412 2244 nant
437 2169 528 2244 Nam
552 2171 583 2244 si
606 2185 831 2272 perseueraut
855 2185 892 2244 et
917 2170 1097 2268 obtinent,
1130 2170 1216 2272 quid
1249 2195 1314 2244 uo-

201 2361 207 2375 .
314 2293 370 2370 bis
394 2295 548 2370 flaturum
573 2298 640 2398 sit,
663 2297 771 2372 vides.
795 2299 921 2372 Dices:
954 2295 1040 2399 quid
1063 2295 1148 2394 illis,
1172 2297 1202 2370 si
1227 2291 1313 2372 victi

314 2421 438 2496 erunt?
461 2461 511 2481 -ω
535 2423 727 2499 Honestior
757 2437 811 2497 est
841 2422 953 2524 plaga.
984 2417 1163 2501 Haecine
1188 2445 1312 2496 excur-

313 2551 415 2624 ciant
443 2547 588 2654 Sulpicii
612 2565 730 2626 autem
755 2549 939 2625 consilium
958 2551 999 2648 ¹³,
1023 2569 1097 2622 non
1121 2549 1312 2649 scripsisti,

311 2702 374 2751 cur
403 2701 484 2750 meo
521 2702 596 2751 non
626 2690 879 2777 anteponeres:
917 2671 1013 2778 quod
1045 2675 1112 2748 etsi
1135 2699 1210 2748 non
1236 2685 1311 2748 mm

309 2799 499 2900 gloriosum
523 2815 594 2900 est,
618 2827 723 2902 quam
749 2804 915 2902 Catonis,
947 2817 1066 2878 tamen
1090 2815 1127 2876 et
1150 2801 1309 2904 periculo

308 2947 461 3000 vacuum
484 2939 556 3024 est,
579 2939 617 3000 et
640 2924 771 3002 dolore.
804 2902 1061 3018 Extremum*
1085 2942 1140 3002 est
1163 2953 1309 3028 eorum,

310 3051 371 3152 qui
395 3051 433 3124 iu
456 3051 588 3126 Achaia
613 3067 703 3126 sunt
734 3055 766 3127 Ii
790 3067 909 3128 tamm
933 3055 1002 3156 ipsi
1025 3077 1064 3128 se
1088 3053 1159 3130 1000
1182 3053 1308 3132 melius

308 3173 458 3277 habent,
489 3203 595 3279 quam
625 3203 708 3278 nos,
739 3179 837 3282 qood
868 3193 905 3254 et
939 3179 1040 3252 multi
1064 3193 1148 3254 sunt
1170 3207 1245 3256 uno
1266 3183 1307 3256 in

306 3299 404 3404 loco,
428 3311 464 3376 et
489 3325 597 3406 quum
620 3306 658 3378 in
682 3305 818 3380 Italiam
850 3307 1027 3406 venerint,
1060 3305 1207 3381 domum
1235 3323 1306 3382 sta·

306 3429 370 3506 tim
394 3430 555 3506 venerint
573 3433 612 3504 ²⁵.
637 3432 733 3507 Haec
760 3445 796 3506 tu
822 3459 951 3534 perge,
975 3447 1017 3506 ut
1040 3431 1142 3532 facis,
1166 3431 1305 3535 mitiga·

304 3581 359 3657 re,
382 3569 420 3632 et
444 3558 594 3658 probare
619 3586 725 3662 quam
750 3557 918 3661 plurimis.

285 3701 290 3710 “
354 3710 377 3756 a
402 3685 510 3777 Quod
535 3699 570 3760 te
595 3712 738 3762 excusas
754 3683 802 3787 ¹⁶,
825 3712 891 3786 ego
916 3711 1001 3762 vero
1025 3699 1063 3759 et
1084 3699 1162 3760 tuas
1179 3711 1303 3762 causas

302 3830 429 3908 nosco,
452 3824 488 3884 et
511 3835 589 3886 mea
614 3813 780 3886 irtteresse
809 3827 916 3920 puto,
948 3825 983 3886 te
1018 3812 1099 3887 istic
1123 3837 1220 3914 esse,
1245 3811 1303 3888 vel

302 3943 343 4004 ut
367 3957 447 4006 cum
471 3937 533 4036 iis,
565 3937 691 4040 quibus
716 3937 916 4040 oportebit,
951 3965 1050 4039 agas,
1080 3965 1171 4042 quae
1196 3953 1302 4016 erunt
