2932 4954
530 357 579 432 ιιι
604 353 791 405 erraretis
1097 339 1169 440 549

207 459 335 533 deman
361 469 469 541 putans
487 462 520 520 τὸ
543 459 678 518 condono
704 458 929 540 explicationem
950 481 1012 521 esse
1031 475 1080 527 τοῦ
1097 453 1170 548 pmss

208 570 287 628 ιίιιιιι
308 588 326 626 a
348 567 507 646 glossatore
527 566 653 646 margini
674 565 866 648 adscriptam,
879 589 956 649 quae
970 569 1038 630 inde
1056 573 1086 632 in
1100 593 1171 633 con-

209 685 326 736 textum
355 675 478 755 irrepsit
505 673 591 732 Bern.
618 672 745 732 Rutilius
770 674 838 733 hnic
870 695 953 735 neeoe
974 677 1108 758 petitioni
1126 680 1173 739 vel

209 782 357 864 rogationi
372 782 490 862 ponor,-
523 779 677 840 Sohiitzius
703 781 771 839 hnic
791 803 875 841 oreae
895 803 954 864 rog.
976 785 1021 842 vel
1036 784 1170 866 flagita.

209 890 285 950 tioni
299 889 408 972 potino.
428 888 524 948 Acuta
544 899 589 948 ert
608 889 727 949 Graevii
749 889 937 972 emendatio;
968 890 1021 951 sed
1051 911 1106 952 eur
1126 893 1170 954 le-

210 999 338 1057 ctionem
357 1006 488 1056 veterem
509 997 695 1079 reficiamus,
716 1015 777 1056 non
797 995 903 1056 rideo:
924 998 1002 1058 actio
1022 1001 1102 1060 enim
1121 999 1170 1061 hic

209 1114 255 1164 est
273 1101 454 1162 ebetrwtum
475 1103 677 1185 praecedentis
696 1106 760 1185 egi,-
775 1114 805 1164 et
817 1105 895 1165 aetio
909 1124 966 1187 pro
982 1107 1085 1188 petitio
1099 1107 1169 1168 olibi

209 1231 332 1292 quoque
350 1213 382 1272 in
402 1210 545 1271 Cicerone
566 1213 628 1294 ipso
650 1213 780 1294 reperire
801 1222 861 1291 est,
881 1233 959 1294 qnae
979 1233 1051 1274 vero
1071 1217 1169 1275 minus

210 1328 254 1378 est
273 1337 365 1399 quam
383 1319 516 1398 rogatioe
545 1317 673 1400 ideoque
698 1319 758 1380 hoc
784 1319 911 1380 altorum
932 1321 1038 1382 adiicit„
1059 1321 1167 1382 Ambo.

211 1423 273 1485 duo
293 1447 369 1486 mmo
388 1426 523 1485 comiaco
544 1447 619 1509 resp.

168 1529 190 1593 8
210 1531 318 1593 Amhb.
339 1552 442 1593 omnes
462 1531 569 1614 aliique
589 1531 655 1592 libri
677 1543 745 1594 vett.
768 1534 798 1593 in
818 1534 936 1596 Gallia.
969 1535 1043 1594 Mox
1062 1533 1168 1594 Lornb.

212 1637 319 1721 aliique
337 1641 537 1722 praestituros.

168 1745 267 1829 9Ep.
295 1745 440 1806 CDLXX
467 1745 576 1807 Ambb.
605 1745 668 1807 duo
693 1767 762 1808 cnm
788 1749 858 1808 Rec.
886 1758 916 1808 et
940 1747 1045 1808 Lomb.
1072 1769 1114 1808 an
1139 1759 1172 1808 nt

209 1852 256 1915 ad
273 1855 323 1914 rel.

175 1983 211 2022 ro
230 1961 389 2022 Ernestius'
404 1981 438 2021 er
458 1962 628 2023 coniectura
647 1960 833 2042 emendarit,
853 1973 884 2022 et
905 1961 1023 2023 Schiitn.
1045 1973 1075 2023 et
1095 1963 1116 2022 1.
1130 1961 1168 2024 V.

208 2068 286 2130 Cler.
306 2079 482 2152 receperunt
501 2067 672 2140 adiuvnbir3
694 2081 812 2151 praeter
832 2073 1048 2131 necessitatem:
1065 2069 1170 2131 Cicero

209 2178 288 2237 enim
308 2175 356 2236 hic
377 2175 457 2258 loqui
477 2175 596 2237 ridetur
617 2187 650 2237 ut
671 2175 709 2236 de
729 2197 765 2237 eo
786 2176 869 2258 quod
889 2174 953 2236 fieri
974 2177 1063 2256 solet,
1080 2189 1114 2238 ut
1134 2179 1171 2236 sit

209 2293 328 2367 tempus
347 2281 543 2344 indefinitum.
780 2281 782 2290 '

174 2413 206 2452 rr
229 2393 424 2453 Restitutione
454 2393 498 2450 tui
528 2393 558 2452 in
589 2391 736 2472 petriam3
768 2411 813 2472 ep.
841 2387 987 2450 anxx.
1019 2390 1068 2450 Sic
1094 2389 1171 2450 liber

211 2499 339 2560 Graevii.
359 2497 467 2559 tmbb.
488 2517 591 2558 ornnes
610 2497 719 2578 aliique
739 2517 770 2557 re
790 2498 967 2580 inpetrato,
987 2509 1060 2570 ant,
1087 2495 1172 2580 quod

210 2627 313 2690 spem,
335 2607 450 2688 altena.

175 2733 210 2773 ro
231 2711 318 2774 Amin
339 2731 443 2772 omnen
461 2711 568 2793 aliique
592 2731 682 2793 mon,
707 2709 788 2770 unde
813 2710 967 2770 Ernestius
993 2709 1100 2790 aliique
1120 2729 1170 2769 re·

211 2830 374 2902 ceperim,
403 2819 515 2880 habent
534 2818 688 2900 Furfano,
716 2828 751 2878 ut
776 2829 807 2878 et
831 2817 907 2876 infre
933 2827 963 2877 et
982 2819 1171 2900 inscriptione

211 2947 258 3010 ep.
288 2947 348 3010 seq.
379 2929 418 2988 At
448 2927 575 2987 alterum
605 2925 795 2986 scribendum
827 2945 890 2985 erse
917 2935 1036 2984 censent
1065 2922 1114 2983 ciii
1134 2943 1172 2984 ex

212 3037 400 3117 inscriptione
424 3043 482 3094 vet.
508 3033 590 3116 apud
615 3033 712 3094 Vrsin.
740 3044 770 3092 et
790 3031 877 3092 Grut.
902 3029 962 3090 Sed
982 3041 1106 3112 apparet
1125 3040 1172 3090 ta-

210 3163 281 3202 men
300 3153 461 3221 utrumque
481 3143 649 3224 promiscue
670 3140 758 3200 fuiese
778 3141 928 3199 usitatum.
942 3135 1046 3197 anb.
1065 3135 1171 3216 aliique

209 3247 314 3331 legunt
332 3245 465 3329 Furfanio
486 3247 647 3307 Pornonio.

176 3355 211 3416 13
231 3355 329 3436 ntiqui
350 3354 457 3415 tmbb.
477 3353 616 3438 quondm·
638 3354 784 3416 Graevius
801 3349 995 3433 etVerburg.
1015 3365 1175 3432 perperam

211 3483 317 3544 quum:
338 3461 421 3545 quod
441 3463 465 3521 ri
485 3483 590 3524 verum
610 3471 701 3543 esset,
722 3462 819 3545 inquit
837 3459 1007 3541 Ernestius,
1021 3456 1104 3536 sequi
1125 3452 1177 3512 de·

211 3567 298 3630 beret
314 3569 467 3650 piacroen't.

175 3674 213 3752 ¹4
231 3673 287 3759 Dp.
308 3675 395 3738 videl.
417 3695 495 3758 quoe
514 3678 657 3757 sequitur.
