2910 4962
320 383 393 478 iio
684 399 956 453 aunortrtoues

359 529 458 590 versa,
478 503 562 591 quod
580 508 692 566 uanam
712 517 765 566 aut
784 525 845 566 nou
864 505 895 566 in
916 506 975 566 istu
991 517 1078 588 pane
1097 503 1157 587 Ap.
1183 503 1244 578 ct,
1271 521 1320 566 aut

356 639 417 680 nou
429 617 460 678 in
472 617 531 678 tae
547 613 579 677 0.
598 612 809 694 &messuisset
823 613 883 672 Nor
897 613 1094 694 expressimus
1107 611 1193 694 quod
1203 615 1233 674 in
1248 611 1321 676 dsto-

356 725 413 786 bus
433 723 542 787 Ambb.
562 743 596 783 m
612 733 642 783 et
661 721 697 783 15
710 723 891 800 invenimus,
904 721 1018 782 etiamsi
1030 722 1178 802 posterior
1187 721 1324 804 probuis-

354 847 395 894 set
415 831 483 895 ioco
502 831 553 884 τοῦ
572 829 787 915 prohibuisset,
815 839 845 890 et
871 829 946 890 alter
971 827 1031 890 hoc
1056 831 1087 888 in
1113 833 1248 910 margine
1269 829 1324 890 ad·

354 943 498 1025 scriptum
524 937 643 1001 habeat.
670 935 771 1016 Vulgo
798 933 934 1018 abrupte.
958 934 1049 1019 Quod
1073 937 1186 998 ιιεὺιαηι
1214 952 1246 998 ut
1263 937 1324 1020 Ap.

360 1049 403 1111 ct.
426 1049 457 1110 in
483 1049 542 1108 ista
563 1059 651 1130 parte
674 1043 706 1106 0.
732 1041 840 1116 Garios
868 1043 920 1104 ubi
946 1045 1001 1105 riri
1029 1043 1110 1106 docti
1138 1043 1324 1106 subaudiunt

347 1156 477 1238 ficisset,
499 1154 583 1237 quod
602 1151 709 1214 Lamb.
736 1155 894 1234 expressit,
915 1162 945 1213 et
964 1151 1026 1235 ubi¹
1044 1151 1129 1236 quod
1152 1161 1260 1235 putant
1278 1173 1326 1214 re·

359 1263 505 1324 dundare.
1093 1299 1098 1310 ·

319 1371 336 1430 3
357 1371 398 1432 Et
417 1371 475 1432 hoc
495 1371 564 1432 ioco
585 1371 780 1453 erpressimus
798 1367 956 1430 lectionem
976 1365 1043 1428 cod.
1070 1369 1141 1429 Rec
1160 1377 1192 1429 et
1209 1377 1325 1430 noem

357 1501 425 1540 rum
447 1479 482 1558 3,
507 1478 542 1539 13
564 1488 594 1538 et
618 1477 671 1560 15,
692 1487 722 1537 et
742 1476 854 1558 Sigonii
868 1475 950 1559 apud
964 1475 1094 1558 Manat,
1107 1477 1162 1536 nisi
1175 1475 1259 1558 quod
1273 1475 1325 1536 ho·

356 1607 423 1646 rum
445 1595 504 1647 tres
518 1587 632 1669 priores
645 1583 758 1645 habent
771 1584 803 1644 iu
815 1585 895 1646 isaac
904 1596 1022 1667 portem
1034 1603 1146 1644 causae
1166 1585 1323 1666 imposuit,

356 1696 446 1754 ceteri
467 1713 539 1754 vero
560 1691 592 1752 in
611 1687 689 1753 itone
706 1703 822 1774 pamm
838 1705 913 1752 esset
932 1687 1058 1774 impulit.
1073 1689 1174 1771 Vulgo
1195 1690 1227 1749 in
1246 1693 1323 1752 tanc

352 1799 501 1885 perditam
514 1819 642 1862 eausam
655 1799 809 1882 imposuit3
823 1797 908 1881 quod
920 1796 1080 1860 conflatum
1092 1809 1136 1860 est
1147 1799 1322 1860 coniecturis

354 1919 385 1970 et
403 1907 639 1970 correctionibus
653 1929 692 1968 ex
705 1909 852 1989 corruptis
865 1927 933 1968 mss.
948 1906 1009 1966 Sed
1022 1909 1156 1988 quamvis
1170 1906 1229 1966 lac
1245 1907 1323 1966 Gro-

351 2017 457 2076 novius
483 2016 660 2076 sententiam
684 2017 771 2076 uum
792 2025 827 2076 ut
845 2015 1007 2097 perfectam
1028 2023 1165 2095 meatum
1186 2015 1322 2096 quisnam

351 2121 474 2204 tinent,
494 2121 626 2187 historiis
647 2124 906 2205 monumentisque
920 2121 1152 2204 refragantibus,
1172 2121 1321 2204 perditam

349 2239 423 2290 tunc
435 2225 524 2291 fuisse
538 2249 659 2290 cansam
674 2229 937 2314 caesarianorum,
958 2249 1049 2314 quam
1070 2227 1188 2292 Caelius
1202 2241 1320 2292 semina

350 2333 433 2400 erat?
457 2359 557 2399 nonne
578 2332 610 2399 id
630 2348 779 2423 repugnat
819 2348 850 2401 et
869 2359 949 2422 seqq.
976 2333 1035 2400 nou
1054 2337 1138 2422 quod
1157 2337 1227 2400 huic
1247 2357 1318 2400 oau-

351 2466 405 2508 sae
424 2443 592 2531 diffidam?

312 2555 333 2632 4
353 2553 509 2617 Iracundia
530 2559 560 2616 in
577 2555 709 2640 Appium
727 2554 962 2639 Pompeianum,
983 2573 1086 2616 amore
1106 2557 1137 2616 in
1156 2555 1318 2618 Curionem

352 2663 579 2747 Caesarianum,
599 2675 634 2724 ut
653 2663 851 2747 Pompeianas
876 2673 975 2746 paries
1001 2663 1218 2748 relinquerem,
1238 2675 1271 2724 et
1289 2666 1316 2724 in

353 2769 544 2831 Caesarianas
561 2773 644 2831 irem.
665 2771 779 2833 Einest.
801 2771 875 2832 Cod.
895 2769 1209 2852 Amt.71·m0mo·ae
1229 2773 1315 2833 timo-

351 2897 400 2949 m,·
421 2875 522 2959 piures
542 2873 591 2937 olii
612 2877 787 2940 iracundiae
805 2891 926 2940 tumom

309 2979 330 3042 5
349 2979 449 3071 Vulgo
462 2997 524 3044 tum
537 2995 568 3044 tu
577 3003 688 3077 porro‚·
704 2985 757 3046 sed
770 2999 832 3046 tum
845 2985 950 3048 melius
965 2985 1050 3048 abest
1062 3009 1081 3048 a
1094 2986 1193 3048 tribus
1204 2985 1311 3048 Amba
1431 3061 1432 3068 ἵ

349 3109 419 3151 cum
440 3089 510 3152 Rec.
533 3101 563 3152 et
583 3091 651 3152 edd.
677 3091 765 3154 Rom.
788 3103 819 3154 et
839 3094 913 3155 lens.
934 3095 1005 3154 Duo
1026 3093 1078 3156 alii
1099 3094 1146 3154 Tu
1165 3107 1197 3156 tu
1213 3115 1312 3178 pono.

346 3195 464 3258 Eadem
490 3197 538 3260 eti
562 3199 653 3279 lens,
679 3203 789 3284 partim
809 3224 827 3262 e
847 3204 1047 3281 correctione,
1072 3221 1196 3286 prorsus
1215 3202 1312 3264 diuer-

348 3323 415 3366 sum
441 3322 561 3366 sensnm
588 3311 753 3393 constituit,
780 3321 809 3372 et
836 3310 959 3372 fortasse
989 3311 1104 3393 venus,
1130 3309 1240 3374 scilicet
1270 3309 1313 3371 tta

344 3433 438 3496 pono
459 3433 552 3502 quum
571 3414 616 3477 ad
633 3439 681 3478 me
697 3417 778 3502 profi
796 3417 967 3479 Ariminum
987 3433 1075 3482 noctu
1094 3421 1222 3482 venisses
1243 3429 1299 3482 etc.

300 3516 323 3579 6
345 3519 395 3581 Sic
415 3519 506 3583 edere
525 3521 637 3606 placet,
658 3524 801 3586 suadente
821 3545 909 3586 mrsu
929 3537 960 3588 et
980 3530 1157 3590 auctoritate
1176 3530 1310 3588 omnium

345 3627 408 3690 sere
429 3639 499 3691 vett
520 3642 682 3692 matorum:
704 3653 760 3696 nec
780 3632 867 3693 video
881 3653 975 3714 quare
988 3635 1079 3716 strigo
1099 3637 1175 3696 mihi
1194 3655 1312 3720 recepe·
1429 3659 1430 3683 κ

343 3737 417 3820 rint,
437 3757 533 3818 φιιιιυ
554 3738 680 3801 alterum
699 3739 789 3822 longe
805 3739 911 3802 meiius
925 3741 1078 3824 videatur,
1091 3763 1161 3804 nam
1175 3745 1310 3825 queritm

345 3861 376 3902 se
396 3862 415 3901 a
434 3845 577 3908 Cicerone
596 3849 717 3908 minime
738 3847 865 3932 consuli,
886 3852 946 3914 sire
967 3853 997 3911 in
1018 3849 1307 3934 consiiiossdhiberi3

347 3948 421 4010 dum
442 3961 545 4014 contro
563 3973 624 4015 non
644 3975 720 4039 opus
740 3965 804 4016 erat
824 3959 851 4018 ei
871 3969 906 4019 ut
927 3959 1033 4020 Cicero
1054 3959 1237 4044 oonsuieret,
1250 3961 1308 4021 sive

348 4061 544 4144 prospiceret,
564 4062 685 4144 quando
704 4063 827 4128 meliore
848 4065 964 4128 Coelius
985 4077 1050 4128 erat
1070 4066 1247 4130 conditione.
