2910 4962
330 383 403 458 386
709 400 881 451 arrsrona
911 403 958 451 ux
1108 401 1139 451 ιι.
1154 406 1189 452 v.
1206 406 1235 452 c.
1254 420 1296 468 7⁰7

327 522 428 608 runt,
457 509 496 580 in
527 505 653 610 quibus
685 519 721 579 et
750 503 1027 579 benivolentiam
1059 506 1133 578 eius
1162 533 1244 606 erga
1268 535 1318 582 me

328 637 518 737 experirer,
543 647 579 707 et
603 632 717 708 fidem.
742 634 866 735 Itaque
892 634 920 706 si
946 632 1033 734 quid
1058 647 1118 707 aut
1142 634 1248 733 mihi,
1264 648 1320 708 aut

328 787 486 836 meorum
511 761 662 864 cuipiam
688 761 725 832 in
750 761 832 833 Asia
858 786 948 859 opus
974 773 1043 859 est,
1067 759 1224 833 adhunc
1242 763 1321 835 scri-

327 885 411 962 bere
436 889 624 988 consuevi,
656 886 759 958 huius
793 913 901 1012 quum
933 913 1041 988 opera
1074 901 1111 960 et
1135 887 1224 988 lide,
1250 901 1322 960 tum

329 1014 437 1088 domo
470 1029 506 1088 et
530 1041 568 1088 re
592 1014 642 1086 uti
651 1018 897 1125 ,tamquam
904 1039 1003 1120 mea.
1023 1015 1119 1087 Haec
1149 1013 1196 1086 ad
1222 1027 1257 1086 te
1281 1041 1321 1087 eo

328 1139 486 1240 pluribus
512 1141 650 1240 scripsi,
676 1153 718 1211 ut
741 1137 969 1238 intelligeres
983 1164 1130 1212 menon
1147 1138 1323 1238 vulgare3,

328 1293 394 1340 nec
419 1267 619 1366 ambitiose,
636 1265 699 1340 sed
720 1279 761 1338 ut
777 1291 843 1366 pro
864 1264 1005 1338 homine
1021 1266 1163 1365 intimo,
1180 1292 1222 1338 ae
1239 1265 1323 1338 mibi

327 1395 604 1494 pernecessario,
629 1392 788 1466 scribere.
813 1393 902 1466 Peto
927 1393 1033 1491 igitur
1057 1419 1077 1465 a
1102 1393 1212 1493 te,ut
1231 1393 1324 1467 inea

328 1521 582 1618 controversia,
607 1545 712 1621 quam
736 1517 856 1590 habet·
869 1517 913 1590 de
937 1517 1047 1592 suudo
1072 1545 1152 1591 cum
1171 1511 1324 1621 quodam

323 1639 551 1748 ,Colophonio
568 1644 595 1744 l,
620 1645 716 1718 etin
743 1645 868 1718 ceteris
890 1643 1015 1745 rebus,
1043 1659 1214 1746 quantum
1239 1645 1323 1719 fides

327 1783 389 1844 tua
413 1773 588 1873 patietur,
613 1785 851 1874 quantumque
875 1785 938 1854 tuo
964 1771 1151 1844 commodo
1177 1773 1324 1871 poteris,

327 1912 465 1972 tantum
490 1902 557 1972 et⁵
582 1897 726 1972 honoris
751 1899 821 1971 mei
846 1924 949 1972 causa
975 1897 1201 1972 commodes:
1238 1900 1324 1996 etsi,

327 2038 367 2096 ut
392 2025 466 2098 eius
490 2024 701 2098 modestiam
726 2025 875 2124 cognovi
883 2082 894 2124 ,
919 2027 1061 2124 gravis⁶
1078 2025 1143 2098 tibi
1167 2023 1263 2098 nulla
1287 2026 1325 2098 iu

328 2173 365 2224 re
390 2151 465 2223 erit.
491 2151 527 2223 Si
552 2166 589 2224 et
612 2177 691 2224 mea
718 2151 1041 2252 commendatione,
1067 2165 1102 2224 et
1127 2177 1190 2224 sua
1208 2150 1325 2251 probi·

327 2289 399 2350 tate
425 2291 602 2350 assecutus
628 2278 707 2378 erit,
731 2280 783 2350 uti
809 2277 854 2350 de
878 2305 915 2351 se
931 2277 1022 2352 bene
1039 2279 1213 2351 existimes
1221 2307 1232 2376 3
1249 2304 1344 2382 om-,.
1376 2309 1381 2328 ·*

326 2404 385 2476 nia
410 2429 447 2477 se
473 2403 641 2505 adeptum
666 2404 899 2477 arbitrabitur.
923 2404 976 2477 Vt
999 2405 1104 2503 igitur
1130 2431 1212 2477 eum
1236 2397 1325 2488 reci}

326 2531 402 2629 pias
425 2531 465 2602 in
489 2530 634 2631 fidemr,
658 2529 856 2628 habeasque
881 2532 919 2603 in
943 2556 1089 2604 numero
1114 2545 1272 2628 tuorum,-
1287 2543 1324 2603 te

327 2654 552 2731 vehementer
584 2658 974 2762 etiamgatque·.etiaui⁸
992 2681 1087 2755 rogo.
1114 2658 1191 2756 Ego
1200 2649 1323 2757 ,boae

328 2793 362 2852 te
385 2780 490 2894 velle,
507 2808 665 2884 quaeque
691 2782 738 2855 ad
763 2798 797 2856 te
822 2762 1011 2893 pertinutd
1022 2782 1231 2884 arbitrabor,
1250 2807 1324 2867 om·

326 2904 384 2979 nia
409 2855 565 2982 stddiose
560 2908 871 3011 drlrgenterque
856 2901 1020 3040 ditabo.

726 3135 871 3282 zm
1030 3205 1153 3278 (sun.
1122 3205 1221 3252 nuru
1228 3205 1295 3266 ‚7⁰)

325 3341 545 3417 Argumentum.
577 3344 676 3426 Ampii
706 3341 792 3404 Balbi
825 3342 967 3447 libertum
1001 3343 1200 3455 Menandrum
1234 3362 1319 3403 oom-

365 3446 494 3510 mandat
