2792 4948
349 473 421 574 390
712 489 882 540 nersronu
908 492 995 540 nxrr.
1123 489 1294 552 uuum
1367 480 1368 559 J

348 623 466 672 comes
490 621 588 670 meus
612 595 678 668 fuit
701 593 762 668 illo
787 594 982 668 miserrimo
1007 605 1199 693 tempore²,
1214 607 1246 666 et
1259 619 1314 666 ou
1366 637 1367 640 =

346 727 445 798 nium
469 725 649 823 itinerum,
681 723 980 820 navigationum,
996 719 1173 820 labomm,
1202 721 1314 820 pericu·

345 850 461 925 lorum
491 875 650 924 meorum
681 849 819 948 socins3
851 873 964 950 neque
996 845 1066 921 hoc
1099 861 1248 947 tempore
1275 845 1314 917 di-

346 979 524 1052 scessisset
540 1003 560 1050 a
576 1002 647 1076 me,
663 975 730 1049 nisi
746 1000 812 1074 ego
829 976 862 1047 ei
881 973 1125 1076 permisissem.
1152 975 1259 1066 Quare
1279 973 1314 1044 sic

345 1101 410 1176 tibi
435 1125 517 1177 eum
541 1101 775 1200 commendo,
801 1115 840 1174 ut
864 1127 975 1174 unum
1001 1100 1044 1173 de
1070 1101 1157 1177 meis
1182 1099 1315 1173 domesti-

345 1231 395 1304 cis
421 1241 457 1303 et
481 1231 630 1304 maxime
656 1229 866 1302 necessariis.
882 1229 1089 1327 Pergratum
1104 1227 1192 1299 mihi
1208 1225 1315 1321 leceris,

345 1358 374 1430 si
400 1357 554 1430 comita
580 1357 754 1455 tractaris,
777 1368 818 1428 ut
843 1353 1028 1454 intelligat,
1046 1354 1140 1427 hanc
1165 1378 1315 1427 commen·

346 1482 526 1558 dationem
542 1483 609 1558 sibi
625 1508 753 1582 magno
770 1483 871 1556 usni³
888 1495 993 1583 atque
1010 1481 1212 1556 adiumento
1227 1477 1314 1552 luisse

726 1732 729 1740 ’
769 1736 901 1809 DXIII.
1043 1775 1101 1834 (aa
1116 1776 1171 1822 nr..
1187 1775 1299 1833 uirus)

308 1889 309 1894 ἵ
342 1915 561 1996 Argumentum.
573 1915 736 1976 Caerelliae
745 1915 868 1996 negotia
877 1923 908 1974 et
916 1923 1130 1996 procuratores
1143 1907 1315 1976 commendat.

611 2148 665 2201 Ser.
684 2148 779 2201 llomac
798 2147 830 2200 Δ.
841 2145 876 2201 V.
893 2145 921 2199 C.
941 2146 1070 2200 uccvn.

422 2372 465 2434 Μ.
483 2371 519 2434 Τ.
536 2371 680 2436 CICERO
697 2372 731 2436 P.
749 2370 933 2436 SERVILIO
951 2368 1165 2437 COLLEGAE
1185 2371 1214 2435 S.
1228 2369 1261 2434 l).

392 2603 597 2704 Caerelliae,
621 2605 835 2677 necessariae
861 2629 959 2676 meae
980 2619 1004 2703 ¹,
1035 2629 1128 2702 rem,
1155 2603 1316 2694 nomina²,

341 2731 581 2828 possessiones
605 2731 773 2805 Asiaticas
806 2729 1054 2804 commendavi
1086 2729 1153 2803 tibi
1177 2750 1315 2832 praesens

342 2855 379 2926 in
405 2855 517 2930 hortis
542 2857 634 2955 tuis,
659 2883 765 2958 quam
790 2857 891 2957 potui
917 2856 1200 2956 diligentissime:
1231 2871 1316 2956 tuque

341 2979 444 3080 mihi,
469 3007 534 3080 pro
560 2995 620 3055 tua
646 2983 899 3057 cousuetudine
916 2985 943 3084 ³,
969 3009 1105 3085 proque
1131 2986 1198 3056 tuis
1222 2985 1255 3054 in
1274 3001 1316 3050 me

340 3108 537 3207 perpetuis,
562 3109 791 3212 maximisque
809 3109 946 3209 officiis,
964 3111 1083 3185 omnia
1100 3123 1136 3183 te
1153 3110 1316 3200 faenum,

339 3231 578 3322 liberalissime
603 3237 774 3337 recepisti.
799 3237 1002 3310 Meminisse
1026 3251 1062 3310 te
1077 3237 1117 3312 id
1133 3261 1245 3337 spero:
1260 3232 1316 3305 scio

341 3358 434 3435 enim
464 3359 584 3435 solere.
623 3362 694 3436 Sed
726 3375 843 3435 tamen
875 3361 1064 3435 Caerelliae
1096 3375 1317 3464 procuratores

339 3485 571 3589 scripserunt,
588 3503 623 3562 te
648 3503 798 3590 propter
819 3488 1100 3587 magnitudinem
1123 3487 1317 3590 provinciae,

338 3609 667 3716 multitudinemque
691 3617 934 3715 negotiorum,
966 3617 1074 3689 etiam
1106 3629 1209 3718 atque
1232 3611 1319 3684 etiam

339 3761 414 3809 esse
439 3740 834 3816 commonefaciendum.
860 3743 950 3818 Peto
975 3743 1097 3842 igitur,
1113 3755 1155 3815 ut
1178 3737 1319 3814 memiuo

336 3861 400 3958 ris,
424 3876 459 3936 te
485 3867 622 3966 omnia,
648 3895 737 3971 quae
763 3883 823 3944 tua
849 3870 935 3944 fides
961 3866 1316 3971 pateretur,mihicu·
1368 3853 1369 3906 l

336 3985 467 4060 mulate
504 3995 686 4094 recepisse.
724 3995 900 4098 Equidem
934 3997 1119 4098 existimo,
1149 3994 1268 4069 habere
1289 3999 1316 4056 te
