2900 4962
311 421 380 496 136
626 437 798 488 trisroua
823 439 976 513 cnxxrru.
1082 439 1278 506 suem

306 547 351 619 ad
380 571 455 620 eam
486 541 724 616 conditionem
757 556 792 612 te
820 542 987 640 risendi,
1014 569 1106 644 quae
1142 545 1306 648 daretur,

306 665 464 775 quaeque
487 684 594 768 esset,
625 665 790 781 hortarer,
825 668 895 740 Sed
927 695 1035 770 quum
1068 659 1206 742 consilii
1233 677 1304 772 tui,

305 799 395 872 bene
420 798 622 899 fortiterque
647 796 816 896 suseepti,
840 819 920 867 eum
935 795 1013 868 'tibi
1039 797 1144 869 finem
1160 803 1304 874 ‘statue-

306 929 372 1024 ris,
395 951 498 1027 quem
524 925 599 1023 ipsa
625 923 763 997 fortuna
789 923 975 996 terminum
999 940 1200 1000 nostrarum
1217 953 1302 1001 con-

309 1053 505 1126 tentionum
521 1077 595 1132 esse
618 1048 785 1122 voluisset
795 1047 835 1126 ἧς,
845 1075 910 1122 oro
927 1048 1155 1152 obtestorque
1171 1066 1225 1151 te,
1241 1080 1306 1154 pro

285 1192 426 1252 -veuere
448 1190 568 1250 nostra
587 1176 834 1249 coniunctione
859 1201 900 1248 ac
925 1176 1201 1278 necessitudine,
1226 1206 1305 1280 pro

310 1331 377 1406 que
401 1329 535 1378 summa
552 1328 629 1376 mea
654 1303 691 1374 in
717 1316 753 1374 te
777 1301 1033 1398 benivolentia,
1056 1316 1093 1374 et
1118 1316 1179 1386 tua
1197 1307 1234 1376 iu
1252 1333 1306 1378 me

308 1432 402 1530 pari,
426 1443 462 1501 te
486 1442 527 1499 ut
551 1427 671 1525 nobis,
695 1429 831 1527 parenti
846 1430 871 1527 ⁵,
889 1427 1045 1526 coniugi,
1070 1430 1211 1530 tuisque
1236 1457 1310 1504 om·

261 1651 271 1672 ,
309 1553 426 1654 uibus,
452 1550 577 1656 quibus
603 1577 639 1626 es
664 1551 829 1654 fuistique
854 1579 992 1653 semper
1008 1553 1229 1660 carissimus,
1242 1557 1310 1630 sal·

309 1704 394 1754 vum
410 1703 613 1776 conserves;
629 1679 861 1752 incolumitati
877 1694 977 1778 tuae,
996 1693 1223 1782 tuorumque,
1248 1686 1310 1784 qui

311 1828 353 1878 ex
377 1818 413 1878 te
438 1803 596 1905 pendent
607 1808 635 1902 ⁶,
651 1803 829 1904 consulas,
855 1829 945 1907 quae
964 1805 1135 1903 didicisti,
1152 1833 1308 1909 quaeque

312 1932 356 2004 ab
382 1931 617 2004 adolescentia
642 1929 875 2031 pulcherrime
901 1957 921 2004 a
947 1933 1210 2031 sapientissimis
1226 1935 1309 2008 viris

208 2137 212 2146 .
312 2057 462 2152 tradita,
491 2057 660 2132 memoria
689 2073 725 2130 et
753 2059 897 2130 scientia
928 2057 1239 2161 comprehendisti,
1268 2063 1311 2135 iis

311 2185 380 2257 hoc
407 2198 564 2284 tempore
590 2197 689 2257 utare
696 2212 707 2282 5
732 2209 821 2286 quos
854 2185 1060 2260 coniunctos
1092 2212 1229 2260 summa
1254 2187 1312 2261 be-

311 2310 504 2386 nivolentia
541 2311 769 2412 plurimisque
804 2311 929 2384 officiis
969 2311 1113 2384 amisisti
1134 2330 1161 2411 t,
1190 2339 1313 2388 eorum

314 2437 540 2537 desiderium,
563 2439 592 2512 si
617 2464 691 2512 non
717 2464 828 2541 aequo
854 2439 988 2536 animo,
1013 2452 1050 2510 at
1073 2437 1188 2512 forsit
1215 2440 1311 2514 feras.

312 2567 408 2666 Ego,
427 2565 517 2669 quid
543 2567 692 2667 possim,
717 2567 854 2662 nescio,
880 2564 936 2639 vel
961 2567 1079 2665 potius
1103 2587 1161 2640 me
1187 2592 1312 2666 parurn

313 2711 451 2792 posses
475 2695 610 2766 sentio:
645 2691 732 2764 illud
765 2708 881 2764 tamen
914 2691 979 2762 tibi
1011 2690 1203 2792 polliceor,
1232 2715 1312 2794 me,

314 2841 553 2918 qnaemrmqur.
572 2817 673 2887 saluti
700 2809 931 2915 dignitatique
951 2831 1028 2889 tuae
1046 2815 1244 2891 conducere
1261 2845 1312 2892 ar-

313 2942 490 3038 bitrabor,
515 2956 614 3013 tanto
642 2940 759 3012 studio
781 2969 854 3014 esso
873 2941 1060 3042 facturum,
1078 2961 1210 3045 quanto
1228 2973 1315 3020 sem·

314 3098 378 3174 per
411 3066 461 3144 tu'
482 3083 518 3141 et
550 3049 667 3142 studio
700 3083 735 3139 et
767 3067 883 3167 officio
909 3071 944 3140 in
971 3070 1056 3142 meis
1083 3047 1186 3146 rebius
1212 3073 1314 3185 suisti.¹

315 3200 416 3276 Hanc
449 3222 560 3270 naeam
591 3195 806 3297 voluntatem
841 3194 886 3267 ad
913 3186 1201 3296 matrem'tuam,
1224 3185 1314 3301 opti-

314 3353 407 3400 mam
441 3325 623 3418 seminani,
657 3297 775 3422 tuique
809 3323 1101 3420 amantissimam,
1125 3317 1244 3400 detuli
1279 3327 1313 3396 si

313 3451 400 3558 quid
426 3451 472 3528 ad
498 3477 553 3524 me
579 3448 774 3548 scripseris,
795 3448 846 3520 ita
872 3447 1015 3544 faciam,
1042 3465 1079 3522 ut
1094 3463 1140 3523 lte
1159 3451 1248 3522 velie
1265 3455 1313 3523 in·

315 3579 489 3655 tellexero.
519 3579 583 3649 Sin
614 3575 999 3658 autem2tn1<minus¹⁰
1028 3577 1223 3674 scripseris,
1249 3601 1312 3674 ego

317 3723 435 3813 tamen
468 3708 606 3803 omnia,
638 3727 726 3806 qnae
758 3683 822 3771 tibi
858 3698 956 3772 utilia
990 3725 1063 3772 esse
1089 3701 1312 3800 arbitrabor,

320 3856 456 3908 summo
482 3833 598 3909 studio
624 3826 873 3928 diligenterque
885 3805 921 3875 '¹¹
949 3825 1087 3899 curabo.
1105 3823 1213 3899 'Vale
