2906 4950
671 373 939 424 annonarium

343 494 402 542 tem
425 503 478 564 per
499 501 529 540 se
551 477 631 562 apud
653 477 810 539 Caesarem
831 483 953 561 egium,
973 483 1053 540 visus
1073 492 1148 542 esset
1172 483 1314 545 Caesaris

343 611 449 649 causae
482 587 666 666 adhaerere,
696 597 726 646 et
756 588 882 669 tempori
911 591 1028 648 servire
1059 589 1115 648 alii
1144 612 1204 673 pro
1237 616 1310 659 me,-

342 696 425 780 quod
445 697 582 756 Ernestio
603 692 699 755 iudice
719 697 852 778 ineptum
874 706 925 756 est.
947 695 991 756 At
1013 695 1205 780 paullopost.
1219 713 1310 784 terrm.

343 825 462 866 ‘'allsae-

302 912 323 974 5
343 913 399 995 Ep.
419 909 662 972 ncccxxxm.
683 909 754 970 Mox
773 909 864 992 aliqui
884 909 956 970 olins
975 913 1061 972 valet.

301 1019 391 1081 6sic
412 1039 474 1080 esse
505 1017 693 1079 scribendum
724 1039 762 1077 ex
793 1017 871 1078 Plut
900 1029 931 1078 et
949 1019 1102 1102 Appiano,
1121 1023 1174 1101 qui
1197 1030 1307 1094 Τιλὶιος

340 1125 474 1207 babent,
504 1125 642 1186 viderunt
672 1127 817 1186 Graevius
847 1137 878 1186 et
906 1125 1068 1188 Panaetius
1100 1127 1211 1188 Ambb.
1245 1131 1306 1190 lere

340 1255 444 1294 omnes
465 1233 573 1315 aliique
594 1255 661 1294 mss
682 1245 712 1294 et
732 1233 800 1294 edd.
820 1245 890 1294 vett.
908 1235 1042 1307 lislliun·
1063 1233 1111 1296 alii
1132 1237 1305 1297 mendosius

339 1343 436 1414 illins,
457 1353 491 1402 ut
511 1341 619 1402 Ambb.
642 1341 659 1400 3
680 1353 711 1402 et
731 1363 761 1422 7,
780 1342 840 1402 Zet.
862 1342 887 1401 Α
908 1354 938 1404 et
957 1341 1078 1404 Graevii
1098 1342 1192 1424 liber3
1218 1343 1255 1406 15
1275 1359 1304 1404 tu

340 1451 429 1510 illius.

301 1575 319 1638 7
340 1553 530 1618 Ambitiosae'
544 1554 709 1636 mgatiom
730 1567 798 1616 sunt
818 1577 912 1638 quum
933 1561 1000 1640 quis
1025 1555 1137 1640 aliquid
1157 1581 1175 1618 a
1196 1569 1303 1642 potem

339 1667 523 1748 tiorepetit,
544 1675 579 1726 ut
598 1666 760 1746 gratiosum
780 1683 812 1724 se
832 1664 983 1747 ostendat3
1001 1665 1203 1739 necessariae,
1224 1687 1301 1747 quae

340 1771 416 1833 liunt
434 1793 491 1854 pro
511 1775 607 1834 amico
627 1775 730 1838 intima
749 1771 964 1834 necessitudine
983 1775 1149 1833 coniuncto.
1172 1771 1301 1832 Consule

339 1902 385 1962 ep.
406 1880 551 1940 DXXVll
581 1891 611 1940 et
636 1899 692 1962 pro
715 1879 836 1961 Ligario
855 1899 880 1938 c.
902 1901 930 1940 a.
957 1879 1074 1940 Μὰ»
1094 1879 1173 1941 Vide
1193 1879 1233 1939 ad
1255 1901 1299 1960 φ.

339 1985 498 2047 CDXClX.
520 1985 589 2047 Msti
607 1987 696 2068 aliqui
717 1988 813 2047 valent
831 1988 936 2060 etiam,
957 1987 1298 2066 unde‚c1edo‚Schtita

338 2095 433 2152 valeat
451 2093 546 2165 «πίννη
566 2092 650 2173 quod
668 2103 698 2154 et
711 2115 768 2175 ego
782 2093 959 2154 anteferrem
975 2097 998 2153 si
1013 2097 1172 2154 auctoritas
1185 2093 1299 2153 adnue-

338 2211 384 2261 ret
403 2199 520 2260 idonea.
541 2200 614 2259 Mox
633 2218 733 2284 quas,
765 2201 825 2262 soil.
851 2203 1018 2282 rogationes
1042 2203 1237 2282 necessariam
1263 2223 1298 2260 ex

337 2329 398 2390 quo
418 2307 485 2368 loeo
505 2307 613 2368 inlerm
633 2307 717 2391 licet,
731 2307 852 2368 Tillium
872 2309 960 2370 fuisse
981 2309 1078 2390 ampii
1100 2305 1229 2368 alfinem
1250 2307 1298 2366 Sic

337 2437 409 2476 vero
428 2415 539 2476 babent
559 2414 627 2475 libn'
646 2425 717 2476 vett.
739 2417 853 2498 optimi.
874 2415 974 2498 Vulgo
997 2435 1108 2500 quam,
1135 2414 1220 2498 quod
1244 2414 1298 2474 de-

338 2523 462 2583 fendunt
489 2521 642 2583 Gebhard.
664 2533 694 2583 et
714 2521 820 2582 Cellas.
841 2522 881 2581 ad
906 2541 996 2582 unam
1021 2522 1210 2582 solummodo
1230 2543 1298 2604 spe-

337 2631 411 2690 ciem
432 2632 621 2712 rogationum
641 2628 817 2708 relerentes,
831 2641 861 2690 et
874 2628 1001 2691 alterum
1015 2629 1195 2714 improbant.
1209 2627 1296 2690 Amb.

338 2758 354 2814 7
376 2733 466 2818 quod.

296 2843 316 2904 8
338 2843 403 2901 lloe
423 2852 466 2902 est
486 2841 698 2904 documentum
720 2845 877 2926 scriptum,
892 2846 967 2922 sive,
981 2855 1015 2904 ut
1035 2865 1115 2904 nimo
1134 2842 1295 2924 loquimur,

336 2949 432 3010 salvus
452 2949 636 3033 conductus,
662 2971 723 3033 quo
749 2951 862 3012 reditus
889 2951 972 3012 Balbi
994 2949 1221 3012 concedebatur.
1246 2949 1295 3008 Sic

336 3061 364 3117 in
386 3079 494 3138 genere
514 3055 670 3118 dicebatur
689 3078 750 3141 quo
772 3060 881 3119 itineris
902 3057 1028 3119 faciendi
1048 3069 1177 3141 potestas
1191 3077 1295 3116 ennoe-

335 3163 476 3243 debatur,
497 3177 532 3225 ut
552 3187 597 3248 ep.
619 3165 868 3250 cccnmttt,
888 3166 917 3227 5.

291 3294 313 3354 9
334 3273 382 3332 Sic
402 3293 439 3332 ex
459 3293 525 3332 mss.
552 3269 697 3333 Graevius
723 3275 865 3350 restituit,
892 3285 921 3334 et
948 3275 988 3332 sio
1013 3270 1107 3332 habet
1131 3269 1291 3332 austerii

331 3402 400 3440 cum
420 3381 506 3460 Reae
527 3383 616 3441 ceteri
636 3401 705 3441 cum
727 3381 790 3442 aliis
809 3401 920 3464 qsmm,
949 3380 996 3440 vol
1019 3394 1048 3439 et
1071 3399 1183 3462 quam:
1209 3377 1291 3458 quod

329 3487 444 3550 latinius
471 3487 581 3549 dictum
610 3487 760 3549 allirmant
783 3488 891 3570 aliqui,
918 3485 1085 3571 probatque
1112 3486 1232 3544 Cortias
1257 3504 1291 3542 ex

329 3594 378 3654 illo
399 3595 525 3655 Sallustii
546 3595 612 3655 loco
634 3595 737 3674 (Catil.
758 3594 798 3656 55
809 3593 828 3676 ):
852 3593 906 3654 En
918 3595 1000 3654 locus
1016 3595 1046 3653 in
1059 3613 1194 3672 caraem,
1208 3589 1293 3674 quod

334 3701 503 3761 llaellianum
522 3703 698 3785 appellatio.
730 3705 844 3764 Revera
873 3723 941 3761 cum
966 3713 995 3761 et
1022 3699 1080 3760 alia
1100 3709 1213 3758 exstent
1232 3697 1293 3758 hu-

329 3809 454 3867 iusmodi
478 3809 609 3892 exempla
632 3808 858 3871 eoncordantiae
882 3829 950 3868 cum
974 3807 1188 3888 subsequente,
1208 3803 1292 3864 nulla

330 3913 430 3975 habita
451 3919 564 3979 ratione
584 3917 798 3998 antecedentis,
825 3915 943 3978 difficile
970 3925 1030 3994 est,
1056 3925 1159 3976 unum
1181 3915 1219 3973 sit
1240 3935 1294 3974 re·
