<?xml version="1.0" encoding="UTF-8"?>
<!DOCTYPE html PUBLIC "-//W3C//DTD XHTML 1.0 Transitional//EN"
    "http://www.w3.org/TR/xhtml1/DTD/xhtml1-transitional.dtd">
<html xmlns="http://www.w3.org/1999/xhtml" xml:lang="en" lang="en">
 <head>
  <title>
</title>
<meta http-equiv="Content-Type" content="text/html;charset=utf-8" />
  <meta name='ocr-system' content='tesseract 3.04.00' />
  <meta name='ocr-capabilities' content='ocr_page ocr_carea ocr_par ocr_line ocrx_word'/>
</head>
<body>
  <div class='ocr_page' id='page_1' title='image "./mtulliiciceroni66cicegoog/mtulliiciceroni66cicegoog_0540.png"; bbox 0 0 2932 4954; ppageno 0'>
   <div class='ocr_carea' id='block_1_1' title="bbox 519 395 1142 496">
    <p class='ocr_par' dir='ltr' id='par_1_1' title="bbox 519 395 1142 496">
     <span class='ocr_line' id='line_1_1' title="bbox 519 395 1142 496; baseline 0.005 -32"><span class='ocrx_word' id='word_1_1' title='bbox 519 419 554 464; x_wconf 75' lang='lat' dir='ltr'>nr</span> <span class='ocrx_word' id='word_1_2' title='bbox 582 413 771 464; x_wconf 78' lang='lat' dir='ltr'>aetsroess</span> <span class='ocrx_word' id='word_1_3' title='bbox 1071 395 1142 496; x_wconf 73' lang='lat'>537</span> 
     </span>
    </p>
   </div>
   <div class='ocr_carea' id='block_1_2' title="bbox 115 517 1205 2518">
    <p class='ocr_par' dir='ltr' id='par_1_2' title="bbox 136 517 1146 820">
     <span class='ocr_line' id='line_1_2' title="bbox 136 517 1145 600; baseline -0.005 -15"><span class='ocrx_word' id='word_1_4' title='bbox 136 525 158 586; x_wconf 89' lang='lat'><strong>8</strong></span> <span class='ocrx_word' id='word_1_5' title='bbox 182 523 266 585; x_wconf 73' lang='grc' dir='ltr'>Δηὼ.</span> <span class='ocrx_word' id='word_1_6' title='bbox 294 523 330 598; x_wconf 62' lang='lat' dir='ltr'>tl</span> <span class='ocrx_word' id='word_1_7' title='bbox 348 517 467 582; x_wconf 72' lang='lat' dir='ltr'>abiecta</span> <span class='ocrx_word' id='word_1_8' title='bbox 493 519 592 600; x_wconf 69' lang='lat' dir='ltr'>gloria</span> <span class='ocrx_word' id='word_1_9' title='bbox 622 533 683 590; x_wconf 85' lang='lat' dir='ltr'>rst‚·</span> <span class='ocrx_word' id='word_1_10' title='bbox 710 517 782 588; x_wconf 69' lang='lat' dir='ltr'>sede</span> <span class='ocrx_word' id='word_1_11' title='bbox 809 537 846 578; x_wconf 83' lang='lat' dir='ltr'>ex</span> <span class='ocrx_word' id='word_1_12' title='bbox 873 517 1079 580; x_wconf 74' lang='lat' dir='ltr'>emendatione</span> <span class='ocrx_word' id='word_1_13' title='bbox 1100 532 1145 580; x_wconf 87' lang='lat' dir='ltr'>tu-</span> 
     </span>
     <span class='ocr_line' id='line_1_3' title="bbox 181 621 1146 708; baseline -0.001 -17"><span class='ocrx_word' id='word_1_14' title='bbox 181 651 259 692; x_wconf 86' lang='lat' dir='ltr'>men.</span> <span class='ocrx_word' id='word_1_15' title='bbox 284 629 342 690; x_wconf 78' lang='lat' dir='ltr'>Alii</span> <span class='ocrx_word' id='word_1_16' title='bbox 365 621 481 688; x_wconf 78' lang='lat' dir='ltr'>dbiecta</span> <span class='ocrx_word' id='word_1_17' title='bbox 505 625 552 688; x_wconf 86' lang='lat' dir='ltr'>vel</span> <span class='ocrx_word' id='word_1_18' title='bbox 580 627 696 687; x_wconf 82' lang='lat' dir='ltr'>abiecta</span> <span class='ocrx_word' id='word_1_19' title='bbox 715 646 737 686; x_wconf 84' lang='lat' dir='ltr'>a</span> <span class='ocrx_word' id='word_1_20' title='bbox 754 626 816 708; x_wconf 76' lang='lat' dir='ltr'>gt,</span> <span class='ocrx_word' id='word_1_21' title='bbox 838 638 872 688; x_wconf 89' lang='lat' dir='ltr'>ut</span> <span class='ocrx_word' id='word_1_22' title='bbox 892 627 954 688; x_wconf 87' lang='lat' dir='ltr'>Pul.</span> <span class='ocrx_word' id='word_1_23' title='bbox 976 639 1006 689; x_wconf 89' lang='lat' dir='ltr'>et</span> <span class='ocrx_word' id='word_1_24' title='bbox 1027 629 1146 690; x_wconf 75' lang='lat' dir='ltr'>Graevii</span> 
     </span>
     <span class='ocr_line' id='line_1_4' title="bbox 180 741 268 820; baseline -0.011 -22"><span class='ocrx_word' id='word_1_25' title='bbox 180 741 268 820; x_wconf 84' lang='lat' dir='ltr'>prim.</span> 
     </span>
    </p>

    <p class='ocr_par' dir='ltr' id='par_1_3' title="bbox 136 841 1010 928">
     <span class='ocr_line' id='line_1_5' title="bbox 136 841 1010 928; baseline -0.007 -22"><span class='ocrx_word' id='word_1_26' title='bbox 136 867 161 928; x_wconf 84' lang='lat'><strong>9</strong></span> <span class='ocrx_word' id='word_1_27' title='bbox 182 845 231 906; x_wconf 87' lang='lat' dir='ltr'>Sic</span> <span class='ocrx_word' id='word_1_28' title='bbox 252 864 343 924; x_wconf 63' lang='lat' dir='ltr'>man</span> <span class='ocrx_word' id='word_1_29' title='bbox 364 842 435 902; x_wconf 89' lang='lat' dir='ltr'>olim</span> <span class='ocrx_word' id='word_1_30' title='bbox 456 841 547 924; x_wconf 79' lang='lat' dir='ltr'>uulgo</span> <span class='ocrx_word' id='word_1_31' title='bbox 567 842 679 916; x_wconf 83' lang='lat' dir='ltr'>venies,</span> <span class='ocrx_word' id='word_1_32' title='bbox 702 852 735 902; x_wconf 91' lang='lat' dir='ltr'>ut</span> <span class='ocrx_word' id='word_1_33' title='bbox 755 845 844 902; x_wconf 85' lang='lat' dir='ltr'>etiam</span> <span class='ocrx_word' id='word_1_34' title='bbox 866 841 1010 902; x_wconf 79' lang='lat' dir='ltr'>Olivetus.</span> 
     </span>
    </p>

    <p class='ocr_par' dir='ltr' id='par_1_4' title="bbox 142 942 1146 1033">
     <span class='ocr_line' id='line_1_6' title="bbox 142 942 1146 1033; baseline 0 -19"><span class='ocrx_word' id='word_1_35' title='bbox 142 974 180 1014; x_wconf 83' lang='lat' dir='ltr'>ao</span> <span class='ocrx_word' id='word_1_36' title='bbox 200 951 341 1014; x_wconf 80' lang='lat' dir='ltr'>Subolem</span> <span class='ocrx_word' id='word_1_37' title='bbox 362 971 447 1010; x_wconf 87' lang='lat' dir='ltr'>suam</span> <span class='ocrx_word' id='word_1_38' title='bbox 468 942 710 1012; x_wconf 79' lang='lat' dir='ltr'>declamatoriam</span> <span class='ocrx_word' id='word_1_39' title='bbox 729 949 802 1032; x_wconf 88' lang='lat' dir='ltr'>(ep.</span> <span class='ocrx_word' id='word_1_40' title='bbox 824 948 943 1032; x_wconf 81' lang='lat' dir='ltr'>CDLI)</span> <span class='ocrx_word' id='word_1_41' title='bbox 967 971 1023 1033; x_wconf 86' lang='lat' dir='ltr'>per</span> <span class='ocrx_word' id='word_1_42' title='bbox 1046 951 1146 1015; x_wconf 83' lang='lat' dir='ltr'>iocum</span> 
     </span>
    </p>

    <p class='ocr_par' dir='ltr' id='par_1_5' title="bbox 115 1041 516 1122">
     <span class='ocr_line' id='line_1_7' title="bbox 115 1041 516 1122; baseline -0.005 -2"><span class='ocrx_word' id='word_1_43' title='bbox 115 1041 121 1054; x_wconf 58' lang='grc'>’</span> <span class='ocrx_word' id='word_1_44' title='bbox 181 1063 222 1122; x_wconf 86' lang='lat' dir='ltr'>ita</span> <span class='ocrx_word' id='word_1_45' title='bbox 241 1062 383 1120; x_wconf 84' lang='lat' dir='ltr'>nominet.</span> <span class='ocrx_word' id='word_1_46' title='bbox 409 1057 516 1118; x_wconf 80' lang='lat' dir='ltr'>Cellar.</span> 
     </span>
    </p>

    <p class='ocr_par' dir='ltr' id='par_1_6' title="bbox 140 1165 1144 2000">
     <span class='ocr_line' id='line_1_8' title="bbox 140 1165 1144 1249; baseline -0.005 -21"><span class='ocrx_word' id='word_1_47' title='bbox 140 1190 174 1228; x_wconf 84' lang='lat' dir='ltr'>rr</span> <span class='ocrx_word' id='word_1_48' title='bbox 200 1167 449 1248; x_wconf 78' lang='lat' dir='ltr'>Stutiuuerimus,</span> <span class='ocrx_word' id='word_1_49' title='bbox 470 1165 663 1241; x_wconf 73' lang='lat' dir='ltr'>subierimus,</span> <span class='ocrx_word' id='word_1_50' title='bbox 684 1176 719 1226; x_wconf 87' lang='lat' dir='ltr'>ut</span> <span class='ocrx_word' id='word_1_51' title='bbox 738 1165 807 1226; x_wconf 90' lang='lat' dir='ltr'>alibi</span> <span class='ocrx_word' id='word_1_52' title='bbox 830 1166 969 1249; x_wconf 71' lang='lat' dir='ltr'>arripere</span> <span class='ocrx_word' id='word_1_53' title='bbox 994 1165 1144 1233; x_wconf 76' lang='lat' dir='ltr'>dolarent,</span> 
     </span>
     <span class='ocr_line' id='line_1_9' title="bbox 178 1271 1144 1357; baseline -0.006 -21"><span class='ocrx_word' id='word_1_54' title='bbox 178 1277 319 1336; x_wconf 69' lang='lat' dir='ltr'>laborm</span> <span class='ocrx_word' id='word_1_55' title='bbox 340 1273 425 1336; x_wconf 83' lang='lat' dir='ltr'>Couf.</span> <span class='ocrx_word' id='word_1_56' title='bbox 447 1274 536 1334; x_wconf 81' lang='lat' dir='ltr'>Tuae.</span> <span class='ocrx_word' id='word_1_57' title='bbox 558 1273 601 1355; x_wconf 89' lang='lat'>11,</span> <span class='ocrx_word' id='word_1_58' title='bbox 622 1271 656 1357; x_wconf 79' lang='lat'>5,</span> <span class='ocrx_word' id='word_1_59' title='bbox 676 1285 708 1334; x_wconf 89' lang='lat' dir='ltr'>et</span> <span class='ocrx_word' id='word_1_60' title='bbox 726 1273 775 1332; x_wconf 84' lang='lat' dir='ltr'>Rr.</span> <span class='ocrx_word' id='word_1_61' title='bbox 796 1272 845 1356; x_wconf 64' lang='lat'>69</span> <span class='ocrx_word' id='word_1_62' title='bbox 867 1273 916 1334; x_wconf 90' lang='lat' dir='ltr'>Sic</span> <span class='ocrx_word' id='word_1_63' title='bbox 936 1276 1144 1355; x_wconf 82' lang='lat' dir='ltr'>interpretatus</span> 
     </span>
     <span class='ocr_line' id='line_1_10' title="bbox 177 1381 1144 1462; baseline -0.002 -20"><span class='ocrx_word' id='word_1_64' title='bbox 177 1395 222 1443; x_wconf 79' lang='lat' dir='ltr'>est</span> <span class='ocrx_word' id='word_1_65' title='bbox 242 1381 386 1442; x_wconf 83' lang='lat' dir='ltr'>Olivetus.</span> <span class='ocrx_word' id='word_1_66' title='bbox 407 1381 488 1442; x_wconf 87' lang='lat' dir='ltr'>Bene</span> <span class='ocrx_word' id='word_1_67' title='bbox 509 1392 631 1459; x_wconf 82' lang='lat' dir='ltr'>autem,</span> <span class='ocrx_word' id='word_1_68' title='bbox 651 1391 684 1442; x_wconf 89' lang='lat' dir='ltr'>ut</span> <span class='ocrx_word' id='word_1_69' title='bbox 705 1381 843 1441; x_wconf 76' lang='lat' dir='ltr'>obseurat</span> <span class='ocrx_word' id='word_1_70' title='bbox 863 1382 1031 1462; x_wconf 76' lang='lat' dir='ltr'>Manutius,</span> <span class='ocrx_word' id='word_1_71' title='bbox 1051 1403 1144 1442; x_wconf 70' lang='lat' dir='ltr'>erw-</span> 
     </span>
     <span class='ocr_line' id='line_1_11' title="bbox 175 1486 1143 1574; baseline -0.002 -26"><span class='ocrx_word' id='word_1_72' title='bbox 175 1490 308 1574; x_wconf 81' lang='lat' dir='ltr'>perimus</span> <span class='ocrx_word' id='word_1_73' title='bbox 322 1487 484 1571; x_wconf 81' lang='lat' dir='ltr'>respondet</span> <span class='ocrx_word' id='word_1_74' title='bbox 496 1486 699 1572; x_wconf 80' lang='lat' dir='ltr'>metaphorico</span> <span class='ocrx_word' id='word_1_75' title='bbox 712 1509 897 1550; x_wconf 67' lang='lat' dir='ltr'>corre-ursum.</span> <span class='ocrx_word' id='word_1_76' title='bbox 913 1488 979 1548; x_wconf 86' lang='lat' dir='ltr'>lloc</span> <span class='ocrx_word' id='word_1_77' title='bbox 993 1487 1058 1548; x_wconf 88' lang='lat' dir='ltr'>vult</span> <span class='ocrx_word' id='word_1_78' title='bbox 1071 1509 1143 1568; x_wconf 78' lang='lat' dir='ltr'>ergo</span> 
     </span>
     <span class='ocr_line' id='line_1_12' title="bbox 176 1595 1143 1680; baseline -0.003 -22"><span class='ocrx_word' id='word_1_79' title='bbox 176 1597 305 1678; x_wconf 83' lang='lat' dir='ltr'>Cicero,</span> <span class='ocrx_word' id='word_1_80' title='bbox 327 1617 362 1657; x_wconf 87' lang='lat' dir='ltr'>se</span> <span class='ocrx_word' id='word_1_81' title='bbox 388 1598 423 1656; x_wconf 91' lang='lat' dir='ltr'>iis</span> <span class='ocrx_word' id='word_1_82' title='bbox 449 1595 713 1658; x_wconf 80' lang='lat' dir='ltr'>declamationibus</span> <span class='ocrx_word' id='word_1_83' title='bbox 739 1617 857 1678; x_wconf 78' lang='lat' dir='ltr'>semper</span> <span class='ocrx_word' id='word_1_84' title='bbox 877 1617 1000 1680; x_wconf 85' lang='lat' dir='ltr'>operam</span> <span class='ocrx_word' id='word_1_85' title='bbox 1020 1595 1143 1679; x_wconf 79' lang='lat' dir='ltr'>posthac</span> 
     </span>
     <span class='ocr_line' id='line_1_13' title="bbox 178 1702 1144 1788; baseline -0.006 -24"><span class='ocrx_word' id='word_1_86' title='bbox 178 1705 343 1783; x_wconf 84' lang='lat' dir='ltr'>daturum,</span> <span class='ocrx_word' id='word_1_87' title='bbox 364 1705 387 1764; x_wconf 86' lang='lat' dir='ltr'>si</span> <span class='ocrx_word' id='word_1_88' title='bbox 409 1725 512 1764; x_wconf 83' lang='lat' dir='ltr'>earum</span> <span class='ocrx_word' id='word_1_89' title='bbox 534 1702 667 1764; x_wconf 87' lang='lat' dir='ltr'>laborem</span> <span class='ocrx_word' id='word_1_90' title='bbox 689 1703 774 1766; x_wconf 76' lang='lat' dir='ltr'>facite</span> <span class='ocrx_word' id='word_1_91' title='bbox 796 1704 873 1766; x_wconf 79' lang='lat' dir='ltr'>fene</span> <span class='ocrx_word' id='word_1_92' title='bbox 899 1706 1037 1788; x_wconf 85' lang='lat' dir='ltr'>potuerit</span> <span class='ocrx_word' id='word_1_93' title='bbox 1059 1703 1144 1766; x_wconf 69' lang='lat' dir='ltr'>Vnus</span> 
     </span>
     <span class='ocr_line' id='line_1_14' title="bbox 176 1803 1144 1900; baseline -0.004 -27"><span class='ocrx_word' id='word_1_94' title='bbox 176 1812 265 1900; x_wconf 62' lang='grc' dir='ltr'>Δῃὼ.</span> <span class='ocrx_word' id='word_1_95' title='bbox 287 1812 487 1884; x_wconf 67' lang='grc' dir='ltr'>νίτανεήιηιιες</span> <span class='ocrx_word' id='word_1_96' title='bbox 509 1811 559 1872; x_wconf 86' lang='lat' dir='ltr'>alii</span> <span class='ocrx_word' id='word_1_97' title='bbox 575 1803 811 1884; x_wconf 65' lang='lat' dir='ltr'>excluserimus,</span> <span class='ocrx_word' id='word_1_98' title='bbox 826 1813 966 1874; x_wconf 87' lang='lat' dir='ltr'>nimirum</span> <span class='ocrx_word' id='word_1_99' title='bbox 981 1811 1019 1872; x_wconf 88' lang='lat' dir='ltr'>ab</span> <span class='ocrx_word' id='word_1_100' title='bbox 1039 1814 1144 1894; x_wconf 79' lang='lat' dir='ltr'>ineptis</span> 
     </span>
     <span class='ocr_line' id='line_1_15' title="bbox 178 1918 400 2000; baseline 0 -20"><span class='ocrx_word' id='word_1_101' title='bbox 178 1918 400 2000; x_wconf 79' lang='lat' dir='ltr'>glossatoribus.</span> 
     </span>
    </p>

    <p class='ocr_par' dir='ltr' id='par_1_7' title="bbox 140 2013 1205 2518">
     <span class='ocr_line' id='line_1_16' title="bbox 140 2013 1205 2110; baseline -0.004 -21"><span class='ocrx_word' id='word_1_102' title='bbox 140 2049 176 2089; x_wconf 81' lang='lat' dir='ltr'>tu</span> <span class='ocrx_word' id='word_1_103' title='bbox 199 2026 373 2110; x_wconf 82' lang='lat' dir='ltr'>Discipulis‚</span> <span class='ocrx_word' id='word_1_104' title='bbox 394 2037 429 2088; x_wconf 90' lang='lat' dir='ltr'>ut</span> <span class='ocrx_word' id='word_1_105' title='bbox 448 2025 587 2109; x_wconf 82' lang='lat' dir='ltr'>explanat</span> <span class='ocrx_word' id='word_1_106' title='bbox 607 2027 769 2088; x_wconf 85' lang='lat' dir='ltr'>Ernestius.</span> <span class='ocrx_word' id='word_1_107' title='bbox 794 2027 904 2088; x_wconf 75' lang='lat' dir='ltr'>Ambo.</span> <span class='ocrx_word' id='word_1_108' title='bbox 931 2037 1062 2109; x_wconf 82' lang='lat' dir='ltr'>quatuor</span> <span class='ocrx_word' id='word_1_109' title='bbox 1081 2025 1146 2086; x_wconf 89' lang='lat' dir='ltr'>alii·</span> <span class='ocrx_word' id='word_1_110' title='bbox 1202 2013 1205 2018; x_wconf 39' lang='lat'>¹</span> 
     </span>
     <span class='ocr_line' id='line_1_17' title="bbox 177 2133 1145 2217; baseline -0.002 -21"><span class='ocrx_word' id='word_1_111' title='bbox 177 2157 237 2217; x_wconf 87' lang='lat' dir='ltr'>que</span> <span class='ocrx_word' id='word_1_112' title='bbox 258 2155 328 2196; x_wconf 81' lang='lat' dir='ltr'>utrm</span> <span class='ocrx_word' id='word_1_113' title='bbox 349 2133 417 2196; x_wconf 88' lang='lat' dir='ltr'>edd.</span> <span class='ocrx_word' id='word_1_114' title='bbox 440 2145 510 2196; x_wconf 79' lang='lat' dir='ltr'>vett.</span> <span class='ocrx_word' id='word_1_115' title='bbox 537 2135 649 2216; x_wconf 77' lang='lat' dir='ltr'>aliquot</span> <span class='ocrx_word' id='word_1_116' title='bbox 673 2157 741 2196; x_wconf 81' lang='lat' dir='ltr'>cnm</span> <span class='ocrx_word' id='word_1_117' title='bbox 768 2137 904 2197; x_wconf 83' lang='lat' dir='ltr'>omuibus</span> <span class='ocrx_word' id='word_1_118' title='bbox 928 2135 1035 2197; x_wconf 76' lang='lat' dir='ltr'>nostris</span> <span class='ocrx_word' id='word_1_119' title='bbox 1056 2155 1145 2196; x_wconf 83' lang='lat' dir='ltr'>anea-</span> 
     </span>
     <span class='ocr_line' id='line_1_18' title="bbox 176 2242 1144 2306; baseline -0.004 -2"><span class='ocrx_word' id='word_1_120' title='bbox 176 2243 298 2304; x_wconf 83' lang='lat' dir='ltr'>ton&#39;lus.</span> <span class='ocrx_word' id='word_1_121' title='bbox 320 2242 405 2305; x_wconf 84' lang='lat' dir='ltr'>Vnus</span> <span class='ocrx_word' id='word_1_122' title='bbox 426 2263 495 2303; x_wconf 87' lang='lat' dir='ltr'>cum</span> <span class='ocrx_word' id='word_1_123' title='bbox 516 2244 698 2304; x_wconf 83' lang='lat' dir='ltr'>Gruterinno</span> <span class='ocrx_word' id='word_1_124' title='bbox 713 2254 743 2304; x_wconf 87' lang='lat' dir='ltr'>et</span> <span class='ocrx_word' id='word_1_125' title='bbox 756 2243 902 2306; x_wconf 66' lang='lat' dir='ltr'>stewech</span> <span class='ocrx_word' id='word_1_126' title='bbox 919 2265 988 2302; x_wconf 85' lang='lat' dir='ltr'>rum</span> <span class='ocrx_word' id='word_1_127' title='bbox 1008 2244 1144 2304; x_wconf 76' lang='lat' dir='ltr'>erunibus</span> 
     </span>
     <span class='ocr_line' id='line_1_19' title="bbox 175 2349 1144 2433; baseline -0.002 -21"><span class='ocrx_word' id='word_1_128' title='bbox 175 2352 293 2412; x_wconf 83' lang='lat' dir='ltr'>nostris.</span> <span class='ocrx_word' id='word_1_129' title='bbox 315 2351 398 2412; x_wconf 81' lang='lat' dir='ltr'>Nam</span> <span class='ocrx_word' id='word_1_130' title='bbox 419 2361 474 2412; x_wconf 80' lang='lat' dir='ltr'>etc.</span> <span class='ocrx_word' id='word_1_131' title='bbox 495 2349 608 2433; x_wconf 76' lang='lat' dir='ltr'>Aliqui,</span> <span class='ocrx_word' id='word_1_132' title='bbox 633 2362 706 2412; x_wconf 83' lang='lat' dir='ltr'>teste</span> <span class='ocrx_word' id='word_1_133' title='bbox 732 2351 895 2433; x_wconf 66' lang='lat' dir='ltr'>lumbino,</span> <span class='ocrx_word' id='word_1_134' title='bbox 922 2351 979 2432; x_wconf 81' lang='lat' dir='ltr'>legi</span> <span class='ocrx_word' id='word_1_135' title='bbox 1006 2349 1144 2410; x_wconf 80' lang='lat' dir='ltr'>volebant</span> 
     </span>
     <span class='ocr_line' id='line_1_20' title="bbox 177 2457 484 2518; baseline 0 0"><span class='ocrx_word' id='word_1_136' title='bbox 177 2459 272 2518; x_wconf 80' lang='lat' dir='ltr'>nostri</span> <span class='ocrx_word' id='word_1_137' title='bbox 291 2457 484 2518; x_wconf 62' lang='lat' dir='ltr'>aneatorum.</span> 
     </span>
    </p>
   </div>
   <div class='ocr_carea' id='block_1_3' title="bbox 139 2563 1144 2649">
    <p class='ocr_par' dir='ltr' id='par_1_8' title="bbox 139 2563 1144 2649">
     <span class='ocr_line' id='line_1_21' title="bbox 139 2563 1144 2649; baseline -0.003 -23"><span class='ocrx_word' id='word_1_138' title='bbox 139 2566 175 2626; x_wconf 78' lang='lat'>13</span> <span class='ocrx_word' id='word_1_139' title='bbox 197 2565 322 2642; x_wconf 76' lang='lat' dir='ltr'>Amicis,</span> <span class='ocrx_word' id='word_1_140' title='bbox 341 2567 474 2649; x_wconf 87' lang='lat' dir='ltr'>propitiis</span> <span class='ocrx_word' id='word_1_141' title='bbox 496 2564 640 2638; x_wconf 85' lang='lat' dir='ltr'>auribus,</span> <span class='ocrx_word' id='word_1_142' title='bbox 662 2565 804 2647; x_wconf 83' lang='lat' dir='ltr'>horest,</span> <span class='ocrx_word' id='word_1_143' title='bbox 830 2564 957 2626; x_wconf 81' lang='lat' dir='ltr'>libenter</span> <span class='ocrx_word' id='word_1_144' title='bbox 981 2585 1031 2624; x_wconf 89' lang='lat' dir='ltr'>eos</span> <span class='ocrx_word' id='word_1_145' title='bbox 1053 2563 1144 2624; x_wconf 88' lang='lat' dir='ltr'>audio</span> 
     </span>
    </p>
   </div>
   <div class='ocr_carea' id='block_1_4' title="bbox 175 2672 1143 2755">
    <p class='ocr_par' dir='ltr' id='par_1_9' title="bbox 175 2672 1143 2755">
     <span class='ocr_line' id='line_1_22' title="bbox 175 2672 1143 2755; baseline -0.002 -21"><span class='ocrx_word' id='word_1_146' title='bbox 175 2672 383 2734; x_wconf 76' lang='lat' dir='ltr'>declamantes.</span> <span class='ocrx_word' id='word_1_147' title='bbox 406 2673 484 2732; x_wconf 86' lang='lat' dir='ltr'>Huic</span> <span class='ocrx_word' id='word_1_148' title='bbox 504 2674 685 2734; x_wconf 82' lang='lat' dir='ltr'>contrarium</span> <span class='ocrx_word' id='word_1_149' title='bbox 708 2673 803 2754; x_wconf 71' lang='lat' dir='ltr'>ntiqui</span> <span class='ocrx_word' id='word_1_150' title='bbox 829 2693 885 2755; x_wconf 92' lang='lat' dir='ltr'>pro</span> <span class='ocrx_word' id='word_1_151' title='bbox 913 2672 1027 2733; x_wconf 81' lang='lat' dir='ltr'>inimici</span> <span class='ocrx_word' id='word_1_152' title='bbox 1048 2675 1143 2733; x_wconf 78' lang='lat' dir='ltr'>estin</span> 
     </span>
    </p>
   </div>
   <div class='ocr_carea' id='block_1_5' title="bbox 175 2777 1255 2864">
    <p class='ocr_par' dir='ltr' id='par_1_10' title="bbox 175 2777 1255 2864">
     <span class='ocr_line' id='line_1_23' title="bbox 175 2777 1255 2864; baseline -0.002 -24"><span class='ocrx_word' id='word_1_153' title='bbox 175 2801 222 2862; x_wconf 84' lang='lat' dir='ltr'>ep.</span> <span class='ocrx_word' id='word_1_154' title='bbox 244 2779 466 2858; x_wconf 73' lang='lat' dir='ltr'>CCXllleirca</span> <span class='ocrx_word' id='word_1_155' title='bbox 486 2777 536 2840; x_wconf 84' lang='lat' dir='ltr'>lin.</span> <span class='ocrx_word' id='word_1_156' title='bbox 558 2780 606 2840; x_wconf 90' lang='lat' dir='ltr'>Sic</span> <span class='ocrx_word' id='word_1_157' title='bbox 628 2801 673 2863; x_wconf 86' lang='lat' dir='ltr'>ep.</span> <span class='ocrx_word' id='word_1_158' title='bbox 699 2780 812 2862; x_wconf 79' lang='lat' dir='ltr'>XCIX,</span> <span class='ocrx_word' id='word_1_159' title='bbox 834 2780 872 2857; x_wconf 75' lang='lat'>4:</span> <span class='ocrx_word' id='word_1_160' title='bbox 894 2801 953 2840; x_wconf 85' lang='lat' dir='ltr'>non</span> <span class='ocrx_word' id='word_1_161' title='bbox 973 2799 1072 2864; x_wconf 82' lang='lat' dir='ltr'>nequo</span> <span class='ocrx_word' id='word_1_162' title='bbox 1093 2803 1141 2840; x_wconf 81' lang='lat' dir='ltr'>sr—</span> <span class='ocrx_word' id='word_1_163' title='bbox 1252 2817 1255 2824; x_wconf 88' lang='lat'>·</span> 
     </span>
    </p>
   </div>
   <div class='ocr_carea' id='block_1_6' title="bbox 138 2886 1145 4044">
    <p class='ocr_par' dir='ltr' id='par_1_11' title="bbox 173 2886 1144 3078">
     <span class='ocr_line' id='line_1_24' title="bbox 174 2886 1144 2970; baseline -0.001 -22"><span class='ocrx_word' id='word_1_164' title='bbox 174 2901 257 2948; x_wconf 77' lang='lat' dir='ltr'>naus.</span> <span class='ocrx_word' id='word_1_165' title='bbox 272 2887 343 2948; x_wconf 91' lang='lat' dir='ltr'>Duo</span> <span class='ocrx_word' id='word_1_166' title='bbox 359 2886 445 2948; x_wconf 68' lang='lat' dir='ltr'>omn</span> <span class='ocrx_word' id='word_1_167' title='bbox 461 2907 530 2948; x_wconf 87' lang='lat' dir='ltr'>cum</span> <span class='ocrx_word' id='word_1_168' title='bbox 551 2888 621 2948; x_wconf 83' lang='lat' dir='ltr'>lter.</span> <span class='ocrx_word' id='word_1_169' title='bbox 642 2907 688 2948; x_wconf 81' lang='lat' dir='ltr'>me</span> <span class='ocrx_word' id='word_1_170' title='bbox 707 2890 837 2970; x_wconf 75' lang='lat' dir='ltr'>nequies.</span> <span class='ocrx_word' id='word_1_171' title='bbox 858 2899 947 2950; x_wconf 74' lang='lat' dir='ltr'>urunt</span> <span class='ocrx_word' id='word_1_172' title='bbox 968 2909 1033 2950; x_wconf 84' lang='lat' dir='ltr'>aur.</span> <span class='ocrx_word' id='word_1_173' title='bbox 1053 2887 1144 2948; x_wconf 87' lang='lat' dir='ltr'>ambo</span> 
     </span>
     <span class='ocr_line' id='line_1_25' title="bbox 173 2992 794 3078; baseline 0 -22"><span class='ocrx_word' id='word_1_174' title='bbox 173 3015 209 3056; x_wconf 87' lang='lat' dir='ltr'>ex</span> <span class='ocrx_word' id='word_1_175' title='bbox 230 2992 347 3056; x_wconf 84' lang='lat' dir='ltr'>emend</span> <span class='ocrx_word' id='word_1_176' title='bbox 366 2993 423 3054; x_wconf 84' lang='lat' dir='ltr'>Ed.</span> <span class='ocrx_word' id='word_1_177' title='bbox 444 2996 500 3055; x_wconf 87' lang='lat' dir='ltr'>Ro.</span> <span class='ocrx_word' id='word_1_178' title='bbox 520 3013 588 3078; x_wconf 74' lang='lat' dir='ltr'>aeq.</span> <span class='ocrx_word' id='word_1_179' title='bbox 610 3008 648 3056; x_wconf 83' lang='lat' dir='ltr'>ut.</span> <span class='ocrx_word' id='word_1_180' title='bbox 670 2996 794 3056; x_wconf 74' lang='lat' dir='ltr'>attilus.</span> 
     </span>
    </p>

    <p class='ocr_par' dir='ltr' id='par_1_12' title="bbox 140 3099 1145 3616">
     <span class='ocr_line' id='line_1_26' title="bbox 140 3099 1142 3184; baseline 0 -24"><span class='ocrx_word' id='word_1_181' title='bbox 140 3102 176 3178; x_wconf 68' lang='lat'>14</span> <span class='ocrx_word' id='word_1_182' title='bbox 198 3101 244 3160; x_wconf 74' lang='lat' dir='ltr'>ad</span> <span class='ocrx_word' id='word_1_183' title='bbox 264 3099 339 3162; x_wconf 85' lang='lat' dir='ltr'>haee</span> <span class='ocrx_word' id='word_1_184' title='bbox 361 3113 462 3162; x_wconf 87' lang='lat' dir='ltr'>nostra</span> <span class='ocrx_word' id='word_1_185' title='bbox 483 3101 589 3162; x_wconf 84' lang='lat' dir='ltr'>studia.</span> <span class='ocrx_word' id='word_1_186' title='bbox 605 3102 647 3163; x_wconf 92' lang='lat' dir='ltr'>Vt</span> <span class='ocrx_word' id='word_1_187' title='bbox 666 3101 741 3163; x_wconf 91' lang='lat' dir='ltr'>illud</span> <span class='ocrx_word' id='word_1_188' title='bbox 756 3102 865 3180; x_wconf 86' lang='lat' dir='ltr'>Plauti,</span> <span class='ocrx_word' id='word_1_189' title='bbox 879 3102 957 3162; x_wconf 81' lang='lat' dir='ltr'>llud.</span> <span class='ocrx_word' id='word_1_190' title='bbox 974 3103 1030 3184; x_wconf 84' lang='lat'>111,</span> <span class='ocrx_word' id='word_1_191' title='bbox 1044 3101 1080 3184; x_wconf 79' lang='grc'>4,</span> <span class='ocrx_word' id='word_1_192' title='bbox 1094 3121 1142 3162; x_wconf 78' lang='lat' dir='ltr'>ar:</span> 
     </span>
     <span class='ocr_line' id='line_1_27' title="bbox 179 3207 1145 3292; baseline -0.002 -24"><span class='ocrx_word' id='word_1_193' title='bbox 179 3207 226 3268; x_wconf 81' lang='lat' dir='ltr'>Tu</span> <span class='ocrx_word' id='word_1_194' title='bbox 247 3226 341 3270; x_wconf 72' lang='lat' dir='ltr'>senex</span> <span class='ocrx_word' id='word_1_195' title='bbox 360 3209 389 3268; x_wconf 80' lang='lat' dir='ltr'>si</span> <span class='ocrx_word' id='word_1_196' title='bbox 409 3211 481 3270; x_wconf 82' lang='lat' dir='ltr'>istas</span> <span class='ocrx_word' id='word_1_197' title='bbox 500 3229 589 3270; x_wconf 83' lang='lat' dir='ltr'>amas</span> <span class='ocrx_word' id='word_1_198' title='bbox 610 3211 667 3270; x_wconf 76' lang='lat' dir='ltr'>om:</span> <span class='ocrx_word' id='word_1_199' title='bbox 687 3208 775 3270; x_wconf 65' lang='lat' dir='ltr'>anilo</span> <span class='ocrx_word' id='word_1_200' title='bbox 796 3222 913 3290; x_wconf 71' lang='lat' dir='ltr'>argento</span> <span class='ocrx_word' id='word_1_201' title='bbox 930 3229 1006 3292; x_wconf 83' lang='lat' dir='ltr'>opus</span> <span class='ocrx_word' id='word_1_202' title='bbox 1019 3221 1070 3270; x_wconf 82' lang='lat' dir='ltr'>est.</span> <span class='ocrx_word' id='word_1_203' title='bbox 1087 3209 1145 3268; x_wconf 77' lang='lat' dir='ltr'>Ali-</span> 
     </span>
     <span class='ocr_line' id='line_1_28' title="bbox 174 3315 1144 3396; baseline 0.002 -20"><span class='ocrx_word' id='word_1_204' title='bbox 174 3317 227 3396; x_wconf 89' lang='lat' dir='ltr'>qui</span> <span class='ocrx_word' id='word_1_205' title='bbox 249 3336 283 3376; x_wconf 77' lang='grc' dir='ltr'>ει</span> <span class='ocrx_word' id='word_1_206' title='bbox 303 3315 451 3376; x_wconf 78' lang='lat' dir='ltr'>uonnatllis</span> <span class='ocrx_word' id='word_1_207' title='bbox 472 3337 540 3377; x_wconf 85' lang='lat' dir='ltr'>mss.</span> <span class='ocrx_word' id='word_1_208' title='bbox 561 3317 625 3390; x_wconf 70' lang='lat' dir='ltr'>laic,</span> <span class='ocrx_word' id='word_1_209' title='bbox 646 3316 695 3378; x_wconf 85' lang='lat' dir='ltr'>alii</span> <span class='ocrx_word' id='word_1_210' title='bbox 716 3319 772 3378; x_wconf 77' lang='lat' dir='ltr'>hoc</span> <span class='ocrx_word' id='word_1_211' title='bbox 793 3315 958 3396; x_wconf 87' lang='lat' dir='ltr'>dederuut,</span> <span class='ocrx_word' id='word_1_212' title='bbox 973 3326 1007 3382; x_wconf 85' lang='lat' dir='ltr'>ut</span> <span class='ocrx_word' id='word_1_213' title='bbox 1020 3335 1144 3378; x_wconf 66' lang='lat' dir='ltr'>eonsen-</span> 
     </span>
     <span class='ocr_line' id='line_1_29' title="bbox 173 3424 1145 3509; baseline -0.004 -23"><span class='ocrx_word' id='word_1_214' title='bbox 173 3427 228 3486; x_wconf 85' lang='lat' dir='ltr'>tiut</span> <span class='ocrx_word' id='word_1_215' title='bbox 248 3445 309 3506; x_wconf 84' lang='lat' dir='ltr'>seq.</span> <span class='ocrx_word' id='word_1_216' title='bbox 330 3425 465 3486; x_wconf 76' lang='lat' dir='ltr'>timulo</span> <span class='ocrx_word' id='word_1_217' title='bbox 486 3437 564 3508; x_wconf 83' lang='lat' dir='ltr'>etc.;</span> <span class='ocrx_word' id='word_1_218' title='bbox 586 3445 641 3509; x_wconf 84' lang='lat' dir='ltr'>pro</span> <span class='ocrx_word' id='word_1_219' title='bbox 662 3445 723 3508; x_wconf 91' lang='lat' dir='ltr'>quo</span> <span class='ocrx_word' id='word_1_220' title='bbox 743 3425 835 3507; x_wconf 79' lang='lat' dir='ltr'>aliqui</span> <span class='ocrx_word' id='word_1_221' title='bbox 855 3435 925 3487; x_wconf 82' lang='lat' dir='ltr'>vett.</span> <span class='ocrx_word' id='word_1_222' title='bbox 946 3433 1088 3505; x_wconf 83' lang='lat' dir='ltr'>eorrupte</span> <span class='ocrx_word' id='word_1_223' title='bbox 1110 3424 1145 3482; x_wconf 85' lang='lat' dir='ltr'>li-</span> 
     </span>
     <span class='ocr_line' id='line_1_30' title="bbox 172 3531 939 3616; baseline 0 -24"><span class='ocrx_word' id='word_1_224' title='bbox 172 3531 287 3592; x_wconf 74' lang='lat' dir='ltr'>muto</span> <span class='ocrx_word' id='word_1_225' title='bbox 307 3531 355 3592; x_wconf 76' lang='lat' dir='ltr'>rel</span> <span class='ocrx_word' id='word_1_226' title='bbox 374 3531 548 3594; x_wconf 77' lang='lat' dir='ltr'>delimatulo</span> <span class='ocrx_word' id='word_1_227' title='bbox 569 3546 597 3594; x_wconf 86' lang='lat' dir='ltr'>rt</span> <span class='ocrx_word' id='word_1_228' title='bbox 613 3533 753 3616; x_wconf 81' lang='lat' dir='ltr'>politulo,</span> <span class='ocrx_word' id='word_1_229' title='bbox 774 3531 821 3592; x_wconf 77' lang='lat' dir='ltr'>vel</span> <span class='ocrx_word' id='word_1_230' title='bbox 842 3532 939 3592; x_wconf 82' lang='lat' dir='ltr'>solito.</span> 
     </span>
    </p>

    <p class='ocr_par' dir='ltr' id='par_1_13' title="bbox 138 3637 1145 4044">
     <span class='ocr_line' id='line_1_31' title="bbox 138 3637 1141 3722; baseline -0.003 -24"><span class='ocrx_word' id='word_1_231' title='bbox 138 3638 173 3700; x_wconf 74' lang='lat'>15</span> <span class='ocrx_word' id='word_1_232' title='bbox 193 3637 384 3721; x_wconf 79' lang='lat' dir='ltr'>Reeouditis,</span> <span class='ocrx_word' id='word_1_233' title='bbox 411 3659 472 3700; x_wconf 88' lang='lat' dir='ltr'>non</span> <span class='ocrx_word' id='word_1_234' title='bbox 497 3639 694 3722; x_wconf 74' lang='lat' dir='ltr'>vulgaribus3</span> <span class='ocrx_word' id='word_1_235' title='bbox 717 3649 752 3700; x_wconf 90' lang='lat' dir='ltr'>ut</span> <span class='ocrx_word' id='word_1_236' title='bbox 777 3659 824 3720; x_wconf 86' lang='lat' dir='ltr'>ep.</span> <span class='ocrx_word' id='word_1_237' title='bbox 852 3638 988 3719; x_wconf 81' lang='lat' dir='ltr'>CCLXI,</span> <span class='ocrx_word' id='word_1_238' title='bbox 1015 3637 1052 3721; x_wconf 80' lang='lat'>33</span> <span class='ocrx_word' id='word_1_239' title='bbox 1077 3637 1141 3696; x_wconf 81' lang='lat' dir='ltr'>Nat.</span> 
     </span>
     <span class='ocr_line' id='line_1_32' title="bbox 173 3745 1144 3829; baseline -0.002 -23"><span class='ocrx_word' id='word_1_240' title='bbox 173 3749 264 3807; x_wconf 89' lang='lat' dir='ltr'>Deor.</span> <span class='ocrx_word' id='word_1_241' title='bbox 287 3746 345 3825; x_wconf 87' lang='lat'>111,</span> <span class='ocrx_word' id='word_1_242' title='bbox 366 3745 408 3829; x_wconf 77' lang='lat'>63</span> <span class='ocrx_word' id='word_1_243' title='bbox 429 3749 510 3808; x_wconf 88' lang='lat' dir='ltr'>etin</span> <span class='ocrx_word' id='word_1_244' title='bbox 530 3748 625 3809; x_wconf 89' lang='lat' dir='ltr'>Bruto</span> <span class='ocrx_word' id='word_1_245' title='bbox 646 3770 671 3808; x_wconf 89' lang='lat' dir='ltr'>c.</span> <span class='ocrx_word' id='word_1_246' title='bbox 693 3746 747 3829; x_wconf 82' lang='lat'>76:</span> <span class='ocrx_word' id='word_1_247' title='bbox 776 3747 873 3807; x_wconf 81' lang='lat' dir='ltr'>Erunt</span> <span class='ocrx_word' id='word_1_248' title='bbox 891 3748 922 3807; x_wconf 82' lang='lat' dir='ltr'>ia</span> <span class='ocrx_word' id='word_1_249' title='bbox 941 3767 975 3806; x_wconf 82' lang='lat' dir='ltr'>eo</span> <span class='ocrx_word' id='word_1_250' title='bbox 994 3747 1144 3828; x_wconf 68' lang='lat' dir='ltr'>plurimun·</span> 
     </span>
     <span class='ocr_line' id='line_1_33' title="bbox 172 3853 1145 3938; baseline 0 -24"><span class='ocrx_word' id='word_1_251' title='bbox 172 3855 293 3927; x_wconf 74' lang='lat' dir='ltr'>litetur,</span> <span class='ocrx_word' id='word_1_252' title='bbox 313 3875 367 3914; x_wconf 83' lang='lat' dir='ltr'>nec</span> <span class='ocrx_word' id='word_1_253' title='bbox 386 3875 440 3916; x_wconf 84' lang='lat' dir='ltr'>eae</span> <span class='ocrx_word' id='word_1_254' title='bbox 460 3855 616 3936; x_wconf 66' lang='lat' dir='ltr'>vulgares,</span> <span class='ocrx_word' id='word_1_255' title='bbox 638 3854 694 3918; x_wconf 84' lang='lat' dir='ltr'>sed</span> <span class='ocrx_word' id='word_1_256' title='bbox 713 3855 861 3916; x_wconf 77' lang='lat' dir='ltr'>inter-iores</span> <span class='ocrx_word' id='word_1_257' title='bbox 881 3853 1034 3938; x_wconf 78' lang='lat' dir='ltr'>qrraedam</span> <span class='ocrx_word' id='word_1_258' title='bbox 1053 3868 1081 3916; x_wconf 86' lang='lat' dir='ltr'>rt</span> <span class='ocrx_word' id='word_1_259' title='bbox 1101 3873 1145 3914; x_wconf 80' lang='lat' dir='ltr'>rr-</span> 
     </span>
     <span class='ocr_line' id='line_1_34' title="bbox 172 3959 1142 4044; baseline 0 -24"><span class='ocrx_word' id='word_1_260' title='bbox 172 3959 319 4025; x_wconf 77' lang='lat' dir='ltr'>rontlr‘tae.</span> <span class='ocrx_word' id='word_1_261' title='bbox 341 3961 455 4024; x_wconf 79' lang='lat' dir='ltr'>Mauut</span> <span class='ocrx_word' id='word_1_262' title='bbox 484 3975 529 4044; x_wconf 81' lang='grc' dir='ltr'>τῷ</span> <span class='ocrx_word' id='word_1_263' title='bbox 556 3965 648 4026; x_wconf 80' lang='lat' dir='ltr'>literis</span> <span class='ocrx_word' id='word_1_264' title='bbox 673 3963 765 4044; x_wconf 81' lang='lat' dir='ltr'>vulgo</span> <span class='ocrx_word' id='word_1_265' title='bbox 792 3962 913 4024; x_wconf 83' lang='lat' dir='ltr'>additur</span> <span class='ocrx_word' id='word_1_266' title='bbox 939 3963 1028 4036; x_wconf 82' lang='lat' dir='ltr'>meis,</span> <span class='ocrx_word' id='word_1_267' title='bbox 1061 3959 1142 4043; x_wconf 79' lang='lat' dir='ltr'>qtaod</span> 
     </span>
    </p>
   </div>
   <div class='ocr_carea' id='block_1_7' title="bbox 0 0 1470 4954">
    <p class='ocr_par' dir='ltr' id='par_1_14' title="bbox 0 0 1470 4954">
     <span class='ocr_line' id='line_1_35' title="bbox 0 0 1470 4954; baseline 0 1"><span class='ocrx_word' id='word_1_268' title='bbox 0 0 1470 4954; x_wconf 95' lang='lat' dir='ltr'> </span> 
     </span>
    </p>
   </div>
  </div>
 </body>
</html>
