2910 4962
341 403 415 495 loo
699 419 869 471 arrsroar
898 423 979 470 axv.
1120 419 1151 468 Α.
1169 421 1203 468 v.
1220 421 1248 468 c.
1267 433 1312 483 70,

341 528 405 600 tibi
429 527 606 626 rescripsi,
629 524 717 598 nihil
740 551 797 598 me
822 525 891 598 lroc
917 539 1076 623 tempore
1101 524 1265 621 cogitare.
1280 523 1335 596 Al-

341 668 453 727 teram
477 679 562 728 vero
586 651 705 752 illam,
736 678 840 754 quam
866 665 906 724 tu
930 649 1052 724 scribis
1065 707 1075 751 ,
1099 663 1188 750 puto
1201 706 1211 749 ,
1236 651 1334 723 nosti.

340 779 467 854 Nihil⁶
499 779 574 854 vidi
606 778 752 853 foedius.
790 777 860 850 Sed
893 775 1025 850 adsum.
1063 777 1193 850 Coram
1224 778 1334 875 igitur.

341 907 533 1006 Obsignata
558 905 728 1008 epistola,
762 905 883 1004 accepi
908 918 995 977 tuas.
1022 902 1160 977 Atticae
1185 901 1335 976 hilarita-

341 1047 414 1106 tem
438 1033 587 1108 libenter
611 1032 733 1131 audio,
758 1029 1062 1106 commotiunculis
1087 1037 1260 1124 συμπάσχω
1278 1049 1301 1099 r.

766 1285 900 1359 DXVI·
1063 1325 1121 1386 (sa
1136 1325 1189 1371 nav.
1205 1324 1252 1386 ιν,
1265 1325 1314 1383 η)

340 1467 559 1545 Argumentum.
584 1486 593 1524 r
618 1463 761 1525 Plancius
780 1463 826 1526 bis
846 1463 983 1526 Ciceroni
997 1461 1078 1525 etde
1093 1472 1270 1546 recuperata
1283 1482 1336 1543 per

379 1573 537 1632 Caesarem
558 1571 719 1654 dignitate,
739 1582 770 1632 ct
789 1569 827 1634 de
846 1572 960 1654 nuptiis
979 1591 1047 1630 cum
1062 1573 1178 1652 virgine
1190 1568 1334 1641 Publilia,

378 1678 500 1740 dimissa
520 1680 681 1751 Terentia,
703 1680 805 1751 initis,
825 1676 991 1760 gratulatus
1012 1675 1119 1738 fuerat
1139 1677 1285 1757 Vtrisque
1304 1675 1337 1735 li-

377 1789 449 1846 teris
479 1805 540 1846 una
567 1783 693 1867 epistola
723 1781 883 1868 respondet
914 1783 1038 1846 Cicero:
1067 1782 1244 1866 prioribus,
1276 1803 1335 1842 non

377 1913 440 1954 esse
470 1894 627 1976 pristinam
658 1891 836 1973 dignitatem
869 1912 962 1972 quam
991 1893 1156 1974 receperit3
1177 1910 1196 1949 a
1217 1889 1335 1961 alteris,

378 2019 456 2079 quac
476 2020 566 2058 causa
586 1999 678 2059 luerit
697 2001 770 2059 novi
792 1998 906 2060 consilii
938 1995 1069 2060 ineundi.
1091 1999 1109 2059 3
1130 1997 1270 2058 Tandem
1290 2017 1335 2058 so·

377 2103 457 2164 latur
475 2105 634 2164 Plancium
663 2104 866 2177 exsulantem,
898 2107 987 2188 eique
1013 2104 1089 2166 nihil
1111 2113 1233 2188 praeter
1255 2125 1334 2166 com·

377 2231 499 2272 munem
520 2210 734 2284 calamitatem,
754 2209 922 2274 timendum
944 2233 1008 2276 esse
1028 2212 1205 2285 confirmat,
1225 2215 1276 2274 cui
1289 2211 1336 2272 de·

377 2319 469 2400 nique
489 2339 543 2380 sua
563 2317 663 2379 officia
683 2318 852 2402 pollicetur.

607 2528 662 2581 Scr-
680 2526 776 2582 Romae
794 2529 825 2580 Δ.
839 2526 872 2581 V.
890 2527 918 2580 C.
937 2527 1066 2581 DCCVll.

500 2726 545 2789 Μ.
569 2725 605 2788 Τ.
629 2725 775 2792 CICERO
800 2725 861 2790 CN.
885 2725 1058 2792 PLANCIO
1083 2727 1114 2791 S.
1138 2725 1177 2789 D.

389 2947 402 2993 1
431 2923 537 2996 Biuas
570 2948 590 2995 a
623 2935 658 2994 te
690 2925 810 3024 accepi
842 2923 977 3024 literas,
1009 2925 1187 3026 Corcyrae
1216 2925 1333 2999 datas:
1429 2907 1430 2920 ¹

335 3073 482 3149 quarum
508 3046 625 3122 alteris
649 3047 736 3121 mihi
763 3048 1003 3151 gratulabare,
1034 3051 1131 3154 quod
1157 3051 1335 3148 audisses,

334 3201 391 3248 me
415 3199 529 3248 meam
553 3175 737 3276 pristinam
767 3177 972 3276 dignitatem
1006 3177 1186 3278 obtinere,
1221 3179 1333 3254 alteris

335 3301 494 3402 dicebas,
518 3315 554 3374 te
579 3301 689 3404 velle,
711 3329 799 3406 quae
825 3306 987 3403 egissem,
1012 3304 1102 3379 bene
1128 3319 1166 3379 et
1191 3307 1334 3380 feliciter

334 3430 472 3502 everrire
489 3445 512 3500 ¹.
536 3431 623 3528 Ego
640 3445 773 3530 autem,
799 3433 828 3504 si
854 3431 1004 3530 dignitas
1029 3447 1084 3506 est
1107 3431 1202 3506 bene
1231 3433 1276 3508 de
1298 3455 1333 3504 ra

332 3555 475 3656 publica
499 3556 645 3657 sentire,
661 3571 698 3631 et
721 3557 824 3631 bonis
849 3557 933 3632 viris
958 3559 1125 3659 probare,
1143 3560 1248 3661 quod
1263 3583 1334 3633 sen·
1426 3579 1427 3608 ¹

331 3682 420 3782 tias,
444 3681 589 3760 obtineo
616 3683 823 3783 dignitatern
847 3709 977 3758 meam:
1003 3687 1057 3760 siu
1082 3699 1206 3760 autam
1231 3689 1333 3760 ineo

331 3805 481 3906 dignitas
506 3822 577 3912 est,
601 3809 698 3913 quod
723 3812 850 3885 sentias
877 3824 1000 3886 autre
1025 3813 1164 3887 efficere
1191 3837 1296 3914 posse
1309 3826 1331 3907 ²,
1425 3809 1426 3836 l

329 3946 390 4006 aut
415 3932 564 4040 denique
588 3936 697 4014 libera
722 3939 880 4014 oratione
907 3937 1117 4038 defendere,
1152 3965 1201 4012 ne
1227 3937 1330 4014 vesti-
