2910 4962
319 423 391 541 394
671 436 842 490 trrsroot
867 439 963 490 nxrv.
1093 441 1125 490 r.
1143 444 1177 492 v.
1194 445 1223 494 c.
1242 457 1291 508 Μ

319 559 491 650 perpetuo
515 569 595 642 erga
620 557 656 616 te
681 568 817 642 amore,
842 541 938 616 culto
955 567 976 616 a
992 554 1028 616 te
1046 541 1318 643 diligentissime.

319 675 446 748 Omnia
471 671 662 773 promissa,
687 671 913 769 confirmata,
938 683 1031 744 certa
1058 684 1094 744 et
1118 685 1192 746 rata
1219 689 1319 774 sunt,

319 827 408 903 quae
434 799 480 874 ad
504 797 655 872 reditum
686 811 723 870 et
759 795 976 870 adsalutem
1004 811 1100 870 tuam
1129 799 1319 898 pertinent

318 927 424 1028 Vidi,
458 925 632 1026 cognovi,
664 923 813 998 interlui.
845 923 988 998 Etenim
1013 951 1136 998 omnes
1161 926 1321 1000 Caesaris

319 1053 503 1130 familiares
528 1053 611 1126 satis
638 1065 838 1152 opportune
864 1049 978 1126 habeo
1010 1049 1208 1152 implicatos
1235 1079 1322 1126 con-

318 1177 502 1252 suetudine
528 1192 565 1252 et
588 1176 845 1277 benivolentia,
873 1177 946 1276 sic,
970 1190 1030 1276 ut,
1055 1204 1163 1278 quum
1188 1177 1234 1250 ab
1259 1177 1321 1254 illo

320 1305 540 1378 discesserint
557 1310 583 1403 ³,
607 1330 663 1377 me
689 1303 843 1378 habeant
867 1305 1076 1403 proximum.
1093 1305 1171 1378 Hoc
1189 1307 1321 1404 Pansa,

318 1433 471 1529 Hirtius,
486 1429 633 1531 Balbus,
650 1432 804 1532 Oppius,
821 1431 965 1528 Matius,
980 1431 1197 1529 Postumius,
1214 1431 1320 1532 plane

319 1559 369 1631 ita
401 1559 548 1656 laciuut,
580 1571 621 1629 ut
652 1583 708 1631 me
732 1559 836 1630 unice
862 1556 1016 1655 diligant.
1042 1555 1151 1649 Quod
1176 1559 1207 1630 si
1232 1557 1319 1632 milri

318 1710 384 1785 per
407 1711 463 1758 me
489 1681 711 1758 efficiendum
743 1684 863 1758 fuisset
879 1684 906 1781 l,
937 1710 1011 1759 non
1040 1709 1098 1756 me
1121 1687 1321 1784 poeniteret

319 1838 386 1912 pro
410 1812 545 1885 ratione
571 1821 772 1911 temporum
796 1813 846 1885 ita
863 1837 938 1884 esse
956 1810 1126 1885 molitum.
1144 1810 1215 1884 Sed
1232 1813 1321 1885 nibil

320 1951 375 2010 est
399 1964 419 2012 a
444 1965 500 2010 me
525 1939 733 2012 inservitum
753 1939 921 2037 temporis
939 1963 1052 2012 causa.
1069 1939 1216 2012 Veteres
1233 1939 1320 2012 milri

318 2062 592 2137 necessitudines
618 2090 699 2136 cum
723 2062 778 2136 lais
805 2063 969 2138 omnibus
990 2063 1230 2166 intercedunt,
1247 2067 1321 2168 qui-

318 2187 467 2262 buscum
500 2215 565 2290 ego
598 2217 701 2290 agere
735 2190 779 2264 de
805 2203 840 2264 te
865 2217 938 2266 non
964 2191 1090 2266 destiti.
1118 2194 1321 2294 Principem
1439 2231 1440 2294 3

318 2329 438 2390 tamen
472 2316 658 2392 habuimus
695 2319 847 2392 Pansam
865 2319 891 2416 ⁵,
924 2319 975 2392 tui
1007 2319 1322 2426 studiosissimum,

317 2448 389 2519 mei
415 2443 600 2548 cupidum,
625 2447 685 2547 qui
711 2445 843 2521 valeret
868 2445 966 2547 opud
988 2445 1087 2519 illum
1111 2472 1185 2520 non
1203 2449 1317 2520 minus

320 2575 545 2674 auctoritate,
570 2600 676 2674 quam
701 2573 821 2672 gratia.
855 2571 997 2645 Cimber
1021 2587 1139 2645 autem
1164 2571 1320 2646 Tillius⁶

319 2699 407 2771 milri
431 2699 535 2800 plane
561 2699 736 2774 satisfecit.
755 2697 887 2774 Valent
906 2699 1000 2771 enirn
1024 2697 1120 2800 apud
1136 2701 1320 2774 Caesarem
1438 2785 1439 2790 ἵ

321 2849 396 2897 non
426 2839 499 2897 tam
532 2825 737 2899 ambitiosae
769 2825 990 2925 rogationes,
1021 2851 1126 2927 quam
1160 2851 1318 2899 necessa·
1438 2809 1439 2833 ¹

321 2951 393 3022 riae
410 2969 441 3023 7:
473 2977 560 3052 quas
593 2952 673 3052 quia
706 2951 849 3026 Cimber
880 2951 1051 3053 babebat,
1082 2951 1162 3052 plus
1187 2952 1318 3050 valuit,

322 3103 427 3179 quam
451 3103 518 3178 pro
549 3075 623 3151 ullo
658 3077 726 3152 alio
758 3078 875 3154 valere
906 3080 1091 3180 potuisset.
1121 3077 1318 3179 Diploma⁸

321 3205 439 3277 statim
464 3229 538 3276 uon
563 3219 615 3278 est
641 3205 785 3306 datum,
819 3205 915 3308 quod
939 3205 1085 3278 mirifica
1112 3219 1166 3278 cst
1190 3207 1319 3306 impro-

319 3329 411 3403 bitas
428 3333 466 3402 in
483 3330 709 3432 quibusdam,
726 3335 785 3435 qui
807 3333 968 3406 tulissent
993 3331 1167 3430 acerbius,
1185 3333 1319 3406 veniam

322 3456 386 3529 tibi
411 3457 502 3557 dari,
528 3477 667 3562 qocms
691 3459 741 3532 illi
766 3459 948 3562 appellant
980 3459 1103 3532 tubam
1126 3458 1211 3532 belli
1237 3459 1318 3532 civi·

318 3581 383 3684 lis,
408 3583 587 3687 multaque
614 3589 663 3660 ita
691 3587 833 3686 dicunt,
862 3587 962 3690 quasi
986 3611 1060 3662 non
1086 3585 1261 3684 gaudeant
1282 3582 1318 3656 id
1436 3575 1437 3599 ¹

320 3709 454 3786 bellum
490 3713 653 3786 incidisse
676 3729 715 3786 ¹⁰.
752 3713 870 3805 Quare
909 3714 1022 3786 visum
1059 3726 1113 3786 est
1151 3709 1319 3786 occultius

325 3835 521 3938 agendum,
543 3864 658 3942 neque
684 3837 756 3912 ullo
782 3838 889 3914 modo
921 3837 1191 3938 divulgandum,
1218 3836 1317 3910 dete

324 3959 393 4032 iam
418 3987 493 4036 esse
518 3963 720 4063 perlectum.
747 3963 817 4038 Sed
840 3965 879 4038 id
903 3966 970 4040 erit
986 3963 1161 4066 perbrevi:
1179 3982 1245 4036 nec
1261 3959 1318 4034 du·
1344 3977 1349 3988 ·
