2910 4962
309 415 379 510 392
636 429 807 482 errsroua
833 432 934 482 oxrrr.
1086 430 1215 482 ης,
1233 449 1280 498 ⁷⁰⁷

304 561 469 635 magnam
500 533 701 608 facultatem
724 534 816 626 (sed
841 535 910 608 lroc
935 547 988 606 est
1020 535 1072 606 tui
1105 537 1243 610 consilii
1268 552 1304 610 et

305 663 447 754 iudicii)
474 689 584 736 exeo
609 676 750 736 senatus
776 661 954 758 consulto,
973 660 1070 762 quod
1094 663 1132 735 in
1157 663 1302 738 heredes

305 791 344 864 C.
370 791 549 894 Vennonii
573 789 704 863 sactum
729 787 820 888 esti,
837 787 1024 863 Caerelliae
1042 790 1300 864 commodandi.

305 915 349 989 Id
373 931 513 990 senatus
546 915 744 991 consultum
776 931 815 990 tu
847 915 1122 1016 interpretabere
1150 942 1218 1016 pro
1244 931 1303 990 tua

306 1043 484 1144 sapientia.
511 1043 591 1117 Scio
617 1046 729 1144 enim,
761 1048 833 1117 eius
867 1043 1033 1118 ordinis⁵
1059 1044 1303 1117 auctoritatem

305 1195 444 1271 semper
469 1170 564 1270 apud
590 1184 624 1244 te
650 1173 767 1270 magni
792 1172 903 1244 fuisse.
922 1169 1030 1263 Quod
1046 1171 1219 1272 reliquum
1235 1185 1302 1268 est,

305 1297 355 1370 sic
380 1296 485 1372 velim
511 1297 707 1398 existimes,
735 1297 1011 1399 quibuscumque
1037 1295 1141 1370 rebus
1166 1295 1304 1370 Caerel-

305 1422 370 1496 liae
396 1421 578 1523 beuigne⁶
603 1424 745 1522 leceris,
777 1423 862 1498 mihi
895 1438 930 1496 te
963 1424 1196 1521 gratissimum
1229 1449 1301 1496 esse

306 1547 487 1622 facturum.

741 1803 875 1876 DXIV·
1054 1843 1280 1902 (nortun.)

305 1981 525 2060 Argumentum.
547 1980 724 2041 Gratulatus
745 1983 781 2041 T.
803 1982 913 2064 Ampio
932 1979 1049 2052 Balbo,
1069 1983 1122 2062 qui
1143 1980 1301 2063 Pompeia·

343 2107 397 2146 nas
418 2098 519 2168 partes
539 2098 657 2148 secutus
679 2097 762 2159 erat,
782 2087 820 2148 de
840 2087 938 2147 reditu
958 2108 1015 2169 per
1035 2086 1171 2148 Caesaris
1192 2090 1301 2148 amicos

344 2195 525 2276 impetrato;
550 2193 680 2276 ideoque
700 2215 815 2256 cessare
836 2197 878 2253 ait
898 2193 1155 2266 consolationem,
1176 2215 1210 2256 re
1230 2215 1300 2256 con-

343 2299 429 2361 fecta.
450 2299 524 2362 Esse
545 2312 647 2364 tamen
666 2301 713 2363 vel
741 2303 879 2364 restituto
911 2301 1025 2382 aliquid
1055 2302 1233 2374 serendam,
1259 2304 1301 2362 rei

343 2405 484 2490 publicae
505 2407 717 2482 calamitatem,
731 2412 761 2469 in
776 2431 837 2490 qua
857 2409 976 2468 nullum
997 2407 1140 2471 solatium
1160 2411 1302 2493 supersit,

301 2585 305 2592 ,
344 2517 400 2582 nisi
422 2515 505 2598 quod
525 2537 560 2578 ex
581 2517 737 2578 literarum
758 2517 863 2578 studiis
884 2518 1029 2598 capiatur.

575 2753 630 2804 Ser.
649 2752 744 2806 llomac
762 2755 792 2804 Δ.
806 2751 840 2803 V.
858 2751 887 2804 C.
905 2749 1033 2804 nccvtt.

531 2966 573 3030 M.
599 2965 634 3030 T.
660 2965 804 3032 CICERO
829 2967 955 3032 AMPIO
981 2966 1010 3030 S.
1036 2964 1074 3030 D.

352 3181 518 3258 Gratulor
544 3182 624 3280 tibi,
649 3183 698 3254 mi
721 3183 845 3282 Balbe,
870 3207 1020 3282 vereque
1045 3177 1210 3280 gratulor.
1226 3177 1299 3253 Nec

301 3337 380 3384 sum
404 3325 478 3383 tam
503 3309 645 3409 stultus,
671 3324 711 3383 ut
736 3324 771 3383 te
796 3335 899 3383 usura
925 3307 1000 3382 salsi
1026 3307 1143 3407 gaudii
1160 3307 1227 3382 srui
1244 3332 1299 3379 ve-

300 3436 379 3536 lim3
405 3435 532 3510 deinde
557 3437 670 3536 srangi
695 3449 855 3538 repente,
890 3450 995 3538 atque
1019 3437 1069 3508 ita
1095 3434 1237 3532 cadere,
1263 3445 1299 3502 ut

298 3563 394 3636 nulla
419 3591 474 3638 res
499 3579 535 3638 te
561 3565 605 3638 ad
632 3565 844 3666 aequitatem
869 3564 1007 3635 animi¹
1034 3574 1158 3661 postea
1190 3559 1298 3662 possit

299 3689 473 3764 extollere.
499 3691 566 3790 Egi
592 3705 688 3763 tuam
715 3715 856 3762 causam
889 3690 1063 3789 apertius,
1093 3713 1201 3789 quam
1225 3709 1298 3758 mca

298 3828 458 3916 tempora
485 3816 651 3891 serebant.
677 3815 896 3890 Vincebatur
930 3817 1023 3888 cuim
1057 3814 1199 3888 fortuna
1224 3813 1297 3912 ipsa

299 3939 499 4016 debilitatae
526 3945 655 4043 gratiae
680 3958 820 4018 nostrae
849 3945 899 4017 tui
934 3944 1076 4018 caritate
1096 3959 1122 4040 ²,
1154 3953 1190 4014 ct
1221 3960 1297 4012 meo

1448 1279 1450 1326 i
