2932 4954
719 459 992 507 Auuotmrrones

788 667 934 730 mxcv,

364 903 377 945 1
400 881 507 944 lisdem
527 881 644 962 verbis3
666 901 711 965 ep.
732 883 884 942 CDLXJX
905 885 966 942 init.

361 1011 380 1052 :t
401 989 518 1051 Scilicet
537 1010 590 1050 vos
610 989 805 1050 iurisconsulti
826 989 945 1071 (qualis
966 1000 1030 1048 eret
1051 987 1226 1072 Sulpicius)
1247 989 1347 1052 facere.

401 1097 448 1158 De
467 1097 571 1158 eadem
591 1119 622 1156 re
641 1098 703 1156 alio
724 1097 813 1156 modo
834 1107 878 1156 est
898 1096 1027 1156 formula
1052 1099 1267 1158 iurisconsultis
1286 1104 1357 1159 anti-

401 1208 466 1288 quis
498 1207 602 1264 usitato
633 1206 662 1262 in
682 1203 915 1286 praescribendis
935 1203 1120 1284 actionibus,
1146 1227 1243 1287 quum
1264 1219 1356 1266 osten-

403 1312 508 1372 derent
538 1311 670 1372 eiusdem
692 1314 735 1371 rei
756 1311 981 1392 consequendae
1001 1314 1062 1370 vies
1088 1312 1258 1394 complures
1279 1335 1357 1384 esse,

402 1431 432 1480 et
453 1423 582 1479 actiones
601 1422 696 1478 varias
726 1437 812 1500 posse
843 1421 961 1479 institui.
989 1419 1170 1478 Biissonius.
1191 1420 1300 1478 Soletis
1319 1431 1357 1479 est

402 1547 419 1587 e
450 1529 633 1587 correctione
655 1525 777 1586 Victorii
808 1547 845 1586 ex
875 1527 1003 1605 vestigiis
1032 1536 1201 1607 notorum,
1233 1547 1357 1606 quorum

403 1633 569 1716 complures
588 1645 654 1694 tum
674 1630 782 1694 Ambb.
814 1645 878 1694 tum
905 1633 987 1694 alior.
1010 1644 1041 1692 et
1060 1633 1129 1692 edd.
1150 1643 1221 1692 vett
1244 1633 1276 1692 id
1305 1655 1358 1691 non

401 1752 582 1823 agnoscunt,
602 1741 724 1802 fortusse
744 1743 855 1823 verius,
870 1761 964 1822 quum
984 1739 1068 1800 focile
1089 1739 1296 1800 subaudiatur.
1309 1739 1358 1800 Atii

403 1851 492 1908 etiam
513 1849 605 1907 vultis.

364 1957 382 2015 3
403 1955 458 2037 Ep.
479 1955 699 2015 CDLXXXIX.
721 1955 850 2016 Aemilii.
871 1954 926 2015 Av.
948 1953 1066 2014 ibidem.

363 2061 515 2144 isupple
536 2063 654 2144 scripsit
682 2062 728 2122 vel
759 2061 848 2123 dixit.
878 2063 948 2123 Mox
976 2083 1038 2122 mm
1067 2060 1152 2122 abest
1177 2066 1209 2121 iu
1229 2060 1360 2145 plun'bus

404 2167 512 2229 Ambb.
534 2168 672 2249 aliisque,
692 2173 732 2229 ita
753 2180 787 2229 ut
802 2170 985 2251 familiarem
1001 2169 1183 2230 substantive
1203 2172 1361 2252 accipiatur

404 2275 462 2334 hoc
482 2296 582 2335 sensu:
605 2297 635 2336 se
656 2279 697 2336 itn
719 2288 877 2338 tractatum
898 2277 983 2358 dicit,
1002 2297 1094 2358 quam
1114 2280 1229 2359 optimc
1247 2278 1359 2338 uectari

403 2393 501 2466 potest
521 2387 676 2466 quisquam
697 2407 856 2467 praesens,
887 2397 917 2446 et
936 2397 971 2446 ut
991 2384 1138 2445 familiaris
1160 2384 1230 2445 loco
1250 2389 1360 2468 pctmui

406 2495 450 2550 sui
472 2490 607 2552 absentis.

364 2594 385 2656 5
406 2597 499 2658 Servii
520 2597 640 2680 Sulpicii
661 2597 743 2682 fib03
775 2622 820 2682 ep.
845 2599 967 2659 CDLXI
988 2609 1058 2660 extr.
1081 2599 1130 2659 Sic
1150 2602 1300 2684 recipiunt
1318 2621 1362 2660 rc·

406 2706 548 2764 centiores
580 2725 648 2764 cum
680 2707 786 2766 Greev.
820 2727 857 2766 cx
887 2718 964 2767 msto
994 2704 1113 2768 Amstel.
1144 2707 1208 2767 Nec
1237 2707 1362 2791 displicet

405 2809 488 2890 quod
508 2810 620 2873 habent
640 2813 687 2873 alii
707 2815 807 2898 plures
827 2813 1034 2874 iucundissime
1054 2815 1362 2898 coniunctissimum

406 2917 458 2976 sed
484 2920 603 2980 minime
628 2921 725 3002 placet
750 2922 904 3005 vulgatum
931 2920 1162 2995 iucundissime,
1191 2925 1365 2986 conirmctis·

405 3045 486 3086 sime.

788 3243 944 3307 CDXCVl.

371 3473 381 3513 1
405 3453 462 3537 Ep.
478 3456 642 3519 CDLXlV.
732 3487 734 3492 ·

368 3581 385 3620 2
406 3561 461 3622 Est
480 3565 509 3622 in
530 3563 648 3626 duobus
669 3564 772 3647 Anu,
793 3586 853 3626 uno
873 3563 993 3646 quidem
1008 3585 1026 3622 u
1039 3584 1131 3624 nrunu
1144 3575 1241 3647 post,
1256 3577 1287 3627 et
1299 3567 1367 3626 nec.

406 3670 499 3746 Sunt,
522 3673 603 3753 quod
624 3695 727 3733 revera
747 3676 909 3734 necessario
933 3671 1062 3756 postulat
1083 3693 1142 3753 seq.
1170 3672 1285 3735 strtdm.
1311 3673 1369 3732 Nec

378 3823 381 3833 .
406 3789 505 3839 tamen
525 3779 593 3840 ideo
614 3781 790 3844 mutandum
811 3802 936 3864 censco3
966 3801 1057 3858 nam,
1084 3791 1119 3840 ut
1139 3801 1368 3863 nonnumquam

407 3881 460 3966 fit,
491 3897 520 3946 ct
551 3887 655 3949 Cicero
687 3891 830 3974 scripsisse
860 3900 957 3971 potest
988 3887 1175 3968 suigulariter
1207 3900 1369 3970 autequam

407 3998 557 4076 sequentia
577 4003 667 4058 menti
693 4007 889 4058 occurrerent
920 3997 993 4056 Mox
1014 3995 1059 4056 cd.
1081 3995 1169 4055 Rom.
1191 4011 1255 4056 mm
1277 3994 1371 4058 ameni
