2910 4954
314 429 404 536 ,ρξ-
628 445 798 494 rrrsrota
824 445 992 492 conxxrn.
1092 440 1123 488 t.
1139 441 1173 488 v.
1191 444 1220 486 c.
1238 451 1287 500 μ,

454 676 509 728 Ser.
527 673 624 728 Romae
642 674 672 726 Α.
691 672 725 725 V.
743 671 773 726 C.
791 669 927 736 DCCVH,
945 669 981 724 rt.
999 670 1060 720 circ.
1078 665 1138 720 Oct.

635 861 781 930 CICERO
810 860 941 926 PAETO
964 861 997 924 S.

368 1054 551 1142 rDuabus
575 1055 644 1130 tuis
670 1047 829 1154 epistolis
854 1047 1092 1150 respondebo:
1117 1047 1193 1148 uni,
1210 1074 1316 1152 quam

314 1185 465 1262 triduo¹
492 1196 575 1262 onte
600 1204 805 1281 acceperam
831 1202 852 1250 a
877 1175 989 1251 Zetho
1007 1191 1037 1276 ²3
1061 1173 1178 1276 alteri,
1210 1202 1317 1278 quarn

313 1312 478 1388 attulerat
508 1308 668 1384 Phileros
700 1304 911 1380 tabellarius.
949 1305 1007 1378 Ex
1038 1301 1216 1404 prioribus
1248 1303 1318 1376 tnis

311 1441 421 1516 literis
445 1436 618 1534 intellexi,
642 1445 842 1535 pergratam
868 1430 933 1504 tibi
957 1454 1033 1504 esse
1058 1455 1177 1503 curam
1201 1455 1319 1504 meam

313 1561 518 1641 valitudinis
541 1561 662 1676 tuae',
679 1585 786 1663 qnam
807 1559 872 1632 tibi
891 1571 1112 1659 perspectam
1141 1581 1216 1629 esse
1239 1581 1320 1654 gan·

316 1691 393 1766 deo.
411 1688 499 1790 Sed,
519 1685 605 1763 mihi
622 1685 726 1762 crede
735 1741 746 1788 ,
761 1711 835 1759 non
852 1683 1016 1786 perinde,
1032 1697 1073 1755 nt
1089 1695 1143 1756 est
1158 1707 1282 1782 reapse
1291 1680 1319 1780 ⁴,

314 1843 360 1902 ex
382 1816 494 1893 literis
515 1815 716 1918 perspicere
748 1811 906 1913 potuisti
939 1809 1032 1885 Nam
1056 1834 1164 1912 quum
1191 1834 1211 1882 a
1235 1807 1318 1882 satis

315 1942 436 2018 multis
464 1951 559 2032 (non
583 1940 678 2014 enim
702 1963 848 2040 possum
873 1937 973 2012 aliter
997 1936 1165 2030 dicere⁵)
1190 1949 1227 2009 et
1252 1933 1319 2009 coli

316 2093 374 2142 me
400 2058 563 2166 rideam,
584 2078 622 2138 et
646 2063 765 2164 diligi,
791 2087 898 2138 nemo
922 2077 977 2140 est
999 2062 1140 2138 illorum
1164 2065 1319 2140 omnium

315 2191 405 2267 mihi
428 2206 465 2266 te
488 2189 684 2268 iucundior.
709 2189 802 2264 Nam
827 2189 925 2292 qnod
949 2216 1007 2265 me
1030 2215 1147 2292 amas,
1162 2190 1262 2292 quod
1282 2189 1320 2264 id

316 2331 353 2393 et
376 2318 606 2422 iampridem,
629 2331 666 2391 et
690 2330 895 2392 constanter
918 2317 1020 2418 facis,
1036 2331 1091 2392 est
1114 2317 1160 2391 id·
1178 2317 1319 2419 quidem

314 2473 501 2552 magnum,
526 2459 633 2550 atque
657 2444 755 2518 haud
779 2445 853 2520 scio
879 2469 926 2518 an
950 2446 1158 2546 maximum,
1174 2443 1239 2518 sed
1258 2443 1321 2518 tihi
1436 2481 1437 2527 1

316 2599 506 2660 commune
532 2599 615 2648 cum
637 2571 780 2648 multis:
811 2570 909 2676 qnod
937 2573 1077 2674 tuipse
1101 2585 1176 2646 tam
1201 2596 1320 2645 aman-
1436 2543 1437 2634 i

317 2699 384 2782 dm
409 2726 466 2802 es,
489 2714 634 2802 temque
659 2699 794 2799 dulcis,
826 2713 969 2802 tamque
1000 2699 1039 2776 in
1070 2700 1168 2774 omni
1197 2723 1320 2799 genere

315 2823 510 2925 ineundus,
531 2823 571 2899 id
595 2839 650 2899 est
674 2826 817 2926 proprie
842 2841 952 2902 tuum.
970 2825 1154 2903 Accedunt
1170 2851 1249 2900 non
1264 2828 1322 2900 At·

316 2950 399 3049 tici,
423 2949 486 3024 sed
510 2949 671 3025 salsiores
683 3007 694 3050 ,
717 2977 824 3053 ςιιεω
848 2952 899 3026 iiii
923 2954 1142 3054 Aeneomm,
1169 2955 1319 3030 Romani

240 3133 243 3142 .
317 3090 453 3152 veteres
478 3090 583 3180 atque
608 3076 734 3152 urbani
758 3075 847 3152 sales
864 3082 889 3151 ⁶.
923 3081 1001 3179 Ego
1031 3094 1150 3154 sutem
1175 3080 1321 3172 (existi-

317 3229 391 3278 mes
415 3202 520 3303 licet,
551 3203 649 3307 (prod
684 3203 811 3296 lubet)
842 3205 990 3281 mirifice
1018 3208 1141 3310 capior
1165 3207 1323 3304 facetiis,

317 3331 467 3404 maxime
500 3329 716 3406 nostratibus
733 3349 765 3432 r,
794 3333 1003 3432 praesertim
1035 3358 1146 3435 quum
1177 3359 1238 3407 eas
1269 3335 1321 3406 vi-

320 3456 424 3532 deam
447 3458 603 3560 primum
626 3455 754 3534 oblitas
778 3459 882 3534 Latio
899 3461 927 3559 ⁸,
952 3473 1048 3562 tum,
1070 3486 1181 3563 quum
1205 3462 1244 3534 in
1267 3485 1321 3532 nr-

320 3583 404 3664 benr
427 3597 587 3661 nostram
611 3599 665 3660 est
689 3586 803 3662 infima
833 3587 1084 3688 peregrinitas,
1115 3611 1213 3662 nnnc
1238 3611 1320 3662 vero

320 3713 426 3786 etiam
457 3711 631 3790 braccatis
663 3726 700 3788 et
730 3713 972 3816 Transalpinis
1003 3712 1207 3790 nationibus
1225 3731 1252 3813 9,
1281 3725 1319 3784 ut

320 3833 456 3910 nullum
481 3841 608 3914 veteris
631 3837 761 3940 leporis
786 3841 972 3940 vestigium
988 3855 1167 3943 appareat
1185 3841 1318 3944 Itaque,

320 3971 356 4032 te
381 3985 490 4061 quum
513 3965 639 4068 rideo,
661 3991 784 4042 omnes
807 3967 893 4041 mihi
919 3968 1088 4066 Granios,
1113 3991 1238 4041 omnes
1253 3967 1320 4040 Ln-
