2932 4954
277 487 280 492 n
353 435 427 539 476
714 453 983 510 turortrtouns

391 573 456 644 Su,
481 559 543 622 hoc
560 571 605 622 est
624 562 713 622 animi
733 573 834 646 motu,
858 565 919 624 sive
946 559 1093 624 desiderio
1118 566 1177 625 mei
1201 583 1353 645 moveare.¹

392 669 461 732 Vid.
482 691 528 753 ep.
549 668 651 730 CXLI.

351 776 374 839 6
393 777 466 840 Post
485 779 669 857 auctionem,
683 775 721 838 de
733 797 793 859 qua
805 777 890 839 infrn
911 777 961 839 Sic
974 776 1012 839 de
1021 777 1151 862 prundio
1165 780 1249 863 apud
1261 781 1346 844 Plau-

391 895 473 968 tum,
492 885 575 968 quod
595 897 696 946 tamen
714 885 894 946 insolentius.
918 885 991 947 Mox
1016 885 1066 950 uit
1085 900 1114 947 et
1132 907 1192 970 quo
1216 886 1284 972 ὥσ,
1303 889 1345 951 rel

391 1007 444 1054 cut
461 999 520 1076 quo
542 993 605 1073 dre,
624 992 670 1054 vel
690 1013 782 1076 ecquo
802 993 892 1054 dieve
1318 1053 1322 1062 ,

352 1121 370 1182 7
390 1101 545 1178 Historici,
566 1100 604 1160 de
624 1121 684 1181 quo
697 1099 776 1160 idem
788 1100 895 1163 Cicero
916 1099 954 1162 de
973 1101 1046 1182 Leg.
1068 1102 1096 1182 l,
1117 1121 1145 1162 a.
1165 1101 1272 1164 Lamb.
1286 1101 1344 1165 alii·

391 1227 450 1290 que
469 1207 511 1269 At
529 1207 648 1268 ntoleste
657 1206 688 1289 s

350 1313 370 1378 8
391 1313 503 1399 Supple
522 1314 658 1375 scribam.

349 1445 371 1507 9
390 1423 470 1484 idest
487 1425 643 1506 pecuniam
663 1421 821 1504 creditam,
840 1441 932 1505 quam
952 1421 1085 1484 Caesaris
1104 1420 1251 1485 beneficio
1265 1445 1343 1488 recu-

388 1542 545 1616 peraturtu
564 1551 630 1592 sum
655 1551 674 1590 a
699 1529 847 1614 debitore,
872 1529 967 1590 tribus
991 1530 1087 1592 modis
1111 1535 1253 1613 consequi
1277 1553 1342 1616 pos-

388 1659 471 1718 sum,
496 1637 548 1699 sed
572 1619 705 1716 incertis,
728 1657 805 1718 quos
824 1657 895 1696 mon
915 1647 1078 1700 enumerat.
1102 1637 1160 1698 Ed.
1182 1639 1274 1700 Herv.
1301 1662 1343 1701 me

388 1746 465 1808 nihil
482 1744 520 1806 de
539 1765 570 1806 ru
594 1757 689 1806 movet
712 1742 806 1805 aliud.
835 1744 920 1826 Quid
947 1743 1084 1807 Caesar?
1108 1748 1176 1806 treis
1197 1756 1274 1828 etc,
1299 1747 1345 1808 alii

389 1864 459 1916 vett
480 1852 565 1914 aliter
584 1862 614 1914 et
634 1851 790 1912 absurdius
810 1851 921 1933 legrmt

354 1981 389 2022 ro
409 1962 513 2042 Turpe
534 1963 611 2029 enim
625 1971 702 2041 eret,
722 1958 836 2020 homini
847 1961 1021 2042 praesertim
1034 1959 1235 2042 Pompeiano,
1249 1973 1284 2022 ut
1296 1961 1344 2022 Ci-

389 2087 458 2128 cero
479 2078 557 2150 erat,
576 2069 731 2151 proscripti
744 2065 819 2128 illius
832 2067 1006 2150 Pompeiani
1019 2067 1099 2128 bone
1112 2085 1213 2130 emere
1226 2069 1343 2152 publice

388 2173 428 2234 ab
440 2174 538 2254 hesta,
550 2174 625 2234 idest
638 2176 782 2234 auctione.
804 2173 886 2236 Olim
899 2174 989 2255 vulgo
1000 2197 1046 2257 pr.
1060 2175 1160 2258 ipsam
1171 2187 1249 2259 trop.
1264 2177 1343 2236 Loco

387 2307 420 2348 ru
443 2296 562 2366 pmeter
579 2283 600 2343 l.
621 2282 671 2342 Fr.
693 2282 862 2342 Gronovius
887 2283 1011 2342 coniecit
1029 2295 1161 2364 propter,
1183 2294 1215 2344 et
1234 2287 1346 2368 recepit

386 2391 552 2454 Schtttnius:
575 2388 732 2472 audacter3
751 2409 821 2450 nam
842 2391 984 2450 sententia
1010 2392 1078 2450 satis
1103 2393 1262 2472 perspicua
1286 2401 1343 2472 est,

385 2520 508 2582 nempe:
529 2509 647 2580 praeter
667 2498 751 2556 istam
772 2495 1002 2579 turpitudinem,
1020 2495 1085 2558 lieri
1105 2499 1195 2558 etiam
1215 2509 1345 2581 poterat,

386 2608 409 2667 si
430 2605 539 2666 Caesar
557 2607 682 2687 periret,
703 2615 736 2664 ut
757 2605 911 2686 proscripti
932 2602 979 2665 vel
1000 2625 1104 2664 eorum
1124 2601 1177 2664 filii
1198 2604 1280 2666 bona
1292 2627 1343 2689 pu-

385 2712 493 2773 blicata
512 2722 739 2794 recuperarent,
759 2722 848 2795 atque
869 2710 937 2772 ideo
957 2711 1062 2772 Cicero
1082 2709 1243 2794 perderet'

320 2889 323 2898 ,
351 2839 382 2879 rr
407 2819 560 2879 Secundus
580 2819 688 2878 modus
707 2817 921 2902 recuperandi,
935 2816 1063 2901 horest,
1077 2817 1283 2880 trnnsserendo
1297 2839 1343 2878 so-

385 2925 529 2986 lutionem
548 2928 690 3009 pecuniae
710 2925 783 2986 mihi
803 2923 921 2988 debitae
940 2928 971 2986 in
990 2928 1172 3009 mancipem,
1184 2925 1246 2987 hoc
1259 2937 1302 2988 est
1315 2930 1343 2986 iu

386 3043 549 3116 emptorem
569 3033 732 3111 bonorum,
752 3044 787 3092 ut
806 3035 830 3092 is
850 3035 927 3092 intra
946 3051 1057 3094 aunum
1076 3031 1148 3094 mihi
1169 3034 1273 3096 solvet.
1294 3035 1343 3094 Li·

384 3137 433 3200 bri
452 3151 523 3201 vett
544 3139 656 3223 aliquot
679 3138 861 3219 delegatione
887 3139 918 3200 in
943 3159 1057 3219 mm,
1078 3141 1150 3200 itam
1170 3161 1263 3224 supra
1283 3161 1344 3200 em·

384 3249 535 3326 tione,.ac
555 3245 629 3309 infre
647 3245 828 3326 conditione,
843 3244 903 3307 sed
922 3245 1077 3327 vulgatum
1093 3245 1216 3328 melius,
1236 3249 1345 3330 quippe

384 3375 456 3416 casu
476 3357 657 3416 consentiem
677 3367 716 3436 τῷ
735 3352 914 3414 conditiones
935 3362 966 3414 et
984 3355 1146 3414 emtionem.

348 3479 382 3522 to
404 3461 536 3544 Scilicet,
555 3460 676 3544 quarmo
700 3460 818 3521 debitor
842 3458 953 3521 solvet?
973 3460 1054 3537 Quia
1073 3463 1097 3522 is
1117 3460 1201 3547 Meto
1222 3461 1345 3544 quidam

383 3577 448 3630 erat
467 3568 535 3652 (ep.
555 3565 763 3650 DLXXXll),
784 3567 857 3628 sclse
876 3565 953 3628 ludit
972 3567 1077 3628 Cicero
1103 3571 1133 3628 in
1158 3573 1295 3647 nomine,
1316 3580 1347 3630 et

383 3675 461 3735 diem
484 3674 636 3736 soluu’ouis
648 3695 759 3736 aurium
771 3671 899 3736 Musas
912 3673 1058 3759 appellet,
1077 3673 1212 3736 alludens
1226 3677 1266 3738 ad
1279 3677 1345 3737 Me-

384 3782 460 3841 tonis
479 3781 661 3844 Atheniensis
682 3781 880 3842 mathematici
899 3781 1033 3863 cyclmn,
1051 3785 1103 3865 qui
1124 3783 1280 3844 constabat
1293 3803 1346 3842 au-

382 3889 427 3947 nis
447 3888 535 3970 XIX,
555 3892 666 3972 quique
686 3889 753 3950 ideo
775 3886 931 3948 dicebatur
951 3910 1044 3950 annus
1061 3891 1188 3949 Metonis
1201 3911 1258 3972 per
1270 3907 1345 3972 pro·

381 3993 535 4079 verbium,
556 4017 612 4078 pro
633 3995 724 4078 longo
744 4005 889 4077 tempore.
910 3994 972 4058 Pro
992 3995 1044 4058 iste
1063 3994 1111 4056 elii
1132 3997 1196 4078 ipse
1208 3995 1255 4058 vel
1276 3997 1343 4078 r'psr
