2932 4954
319 367 390 466 540
682 387 956 438 Annornrionao

357 507 418 556 ster
443 493 486 555 15.
509 493 606 552 Ceteri
628 491 691 552 lere
708 505 878 574 pergratam
897 489 1068 550 renteretiam
1088 509 1187 552 nteam
1208 507 1239 553 et
1257 495 1325 554 ani-

356 623 439 664 mum
462 623 559 662 meram
579 599 634 661 tibi
649 613 835 682 perspectum
854 618 918 658 erae
935 596 1066 679 gaudeat
1087 598 1170 660 unde
1191 611 1223 660 et
1237 603 1326 662 Lam·

356 685 444 772 him
475 711 562 770 tacite
591 720 761 790 pergratam
790 705 845 767 tibi
869 727 932 766 esse
957 706 1130 767 sententiam
1152 727 1270 781 meana,
1297 723 1325 769 rt

357 838 461 880 eornm
480 815 651 878 vatindnis
671 827 754 888 tuae,
774 813 966 896 aninntmqne
984 833 1054 894 erga
1067 827 1094 874 te
1107 835 1221 887 maun,
1236 837 1327 900 quem

358 927 413 987 tibi
438 937 624 1008 perspectum
650 943 714 983 esse
736 919 863 1001 gaudeo.
885 921 1037 982 Lacunam
1059 919 1108 982 hio
1128 925 1253 1002 agnovit
1271 923 1328 982 Vi-

359 1035 471 1094 ctorius
483 1035 513 1093 in
527 1029 595 1092 edd.
610 1040 678 1090 vett.
693 1029 840 1090 nonnullis
854 1039 883 1090 et
897 1050 980 1106 mse,
990 1041 1162 1112 pergratam
1174 1030 1230 1092 tibi
1236 1029 1326 1056 '''''

359 1153 542 1225 prnepeomm
562 1159 625 1200 erse
643 1135 775 1218 gaudeo,
796 1136 880 1197 aliter
899 1135 939 1196 ab
959 1135 1022 1196 aliis
1043 1135 1213 1220 expletam,
1235 1159 1325 1219 quam

361 1259 460 1308 tamen
480 1243 626 1325 nonnulli,
648 1255 682 1304 nt
703 1245 811 1305 Graev.
832 1253 863 1304 et
883 1242 997 1318 Verb.‚
1018 1253 1183 1304 servarunt.
1310 1263 1315 1270 ·

319 1355 403 1433 lita
424 1356 553 1414 correxit
572 1352 723 1412 Victorius
753 1371 812 1433 ope
843 1361 912 1420 vett
941 1349 1101 1432 oodiottm3
1127 1371 1198 1410 nam
1225 1371 1328 1412 recen-

356 1466 445 1524 tiores
467 1473 496 1522 et
516 1462 608 1520 nostri
638 1458 702 1520 fere
733 1480 835 1520 omnen
866 1457 951 1522 aliter
974 1457 1088 1552 habent
1112 1471 1144 1519 ut
1161 1471 1207 1520 eat
1226 1479 1260 1518 re
1279 1457 1325 1520 rel

355 1590 401 1630 rea
421 1567 536 1630 absarro
564 1567 630 1628 Pal.
664 1577 733 1628 sext
765 1587 835 1628 otim
856 1565 957 1630 Gotot
988 1579 1020 1626 ut
1045 1577 1140 1628 estre
1161 1565 1241 1649 ipra.
1264 1565 1324 1626 sed

354 1697 459 1762 reapse
479 1697 534 1760 pro
555 1677 655 1758 reipsa
676 1679 872 1759 perositaturn
893 1683 937 1734 est
957 1672 1038 1758 apud
1059 1685 1184 1736 veteres.
1216 1673 1274 1734 Alii
1296 1685 1325 1732 ot

355 1783 579 1846 madh

315 1891 335 1952 5
356 1893 452 1974 Iden,
473 1911 581 1952 verum
601 1889 686 1951 fateri
703 1900 835 1972 'oportet
856 1887 943 1948 lmb.
969 1888 1005 1964 ¹4
1025 1889 1099 1950 ratis
1118 1907 1141 1948 a
1159 1888 1272 1948 mltis.

244 2063 247 2071 ,
315 1997 336 2060 6
356 1998 495 2058 Vrbanos
515 1996 589 2058 sales
609 1995 674 2056 illos
695 1998 823 2078 accipio,
849 1997 879 2055 in
905 1993 1014 2077 quibua
1038 1994 1168 2056 multum
1194 1995 1325 2077 leporis,

357 2115 392 2164 ut
413 2105 520 2166 dicitnr
542 2102 633 2184 ialin,
659 2114 689 2164 et
714 2102 877 2164 festivitatis
902 2104 986 2184 ioeit3
1011 2113 1043 2164 et
1068 2101 1172 2184 quater
1193 2115 1325 2164 oratores

359 2214 479 2294 decent,
500 2231 518 2270 a
539 2209 653 2270 scurrili
674 2213 740 2270 ioco
763 2219 793 2270 et
810 2213 929 2270 mimioo
948 2221 1086 2272 remoto&
1103 2211 1324 2272 Tractationem

360 2320 398 2382 de
419 2322 489 2382 iocis
510 2317 578 2380 vide
599 2319 684 2382 orat.
707 2319 749 2402 ll,
770 2313 818 2380 58.
852 2316 973 2380 Veteres
994 2329 1095 2380 autem
1116 2315 1203 2401 dicit,
1224 2329 1259 2378 ut
1279 2338 1326 2378 ex-

360 2427 460 2489 cludat
480 2425 554 2488 sale's
575 2435 641 2509 post
660 2427 836 2486 Latinorum
857 2427 1059 2508 receptionem
1079 2435 1247 2508 corruptos.
1265 2423 1325 2484 Ve-

359 2551 447 2598 terem
467 2533 660 2596 rri-bonitatem
682 2533 753 2594 dicit
773 2535 864 2594 etiam
886 2535 916 2594 in
937 2553 984 2616 ep.
1003 2533 1151 2594 DCLVll.

319 2643 476 2724 pscilicet
499 2643 641 2704 Romanis
671 2639 837 2722 veteribus3
870 2641 963 2721 iisque
989 2659 1027 2700 eo
1052 2642 1146 2720 magis
1171 2638 1325 2716 delector,

357 2751 440 2831 quod
460 2771 540 2811 nunc
561 2771 610 2810 eas
630 2749 749 2810 videam
769 2748 870 2808 alienis
893 2747 991 2808 modis
1015 2749 1196 2829 inquinatas,
1221 2769 1325 2808 corni·

356 2866 435 2939 ptaa,
455 2857 593 2936 inquam,
613 2859 762 2937 primum,
777 2852 899 2936 quando
911 2856 1008 2916 Latini
1029 2858 1059 2914 in
1078 2857 1252 2918 societatem
1273 2877 1325 2916 no·

354 2973 445 3023 atram
466 2965 577 3044 recepti
598 2975 680 3046 sunt3
702 2962 811 3024 deinde
831 2963 890 3023 hoc
910 2974 1062 3044 tempore,
1085 2983 1147 3044 quo
1168 2963 1326 3047 transalpi-

354 3091 411 3130 nae
430 3071 565 3131 nationes
594 3069 708 3131 inlusae
732 3081 816 3150 sunt,
843 3069 901 3131 hoc
928 3080 972 3130 est
998 3071 1148 3130 immixtae
1172 3071 1323 3130 Romanis.

355 3179 389 3238 ln
409 3198 470 3259 quo
491 3177 597 3239 ultimo
618 3179 735 3238 iocatur
753 3197 816 3238 non
837 3176 907 3238 sine·
918 3175 1086 3260 stomacho,
1106 3187 1140 3238 ut
1161 3179 1204 3238 ait
1217 3179 1325 3238 Manu·

355 3289 430 3364 tito,
451 3287 482 3345 in
502 3285 676 3366 Caesarem,
690 3287 742 3368 qui
757 3285 849 3346 Gallis
870 3283 1051 3366 quibusdam
1071 3305 1132 3344 noa
1153 3285 1254 3346 solum
1274 3287 1325 3346 cis·

355 3392 475 3475 alpinis,
495 3413 600 3454 verum
621 3395 710 3454 etiam
731 3392 917 3474 transalpinis
937 3393 1085 3454 civitatem
1112 3391 1261 3475 dederat3
1288 3413 1324 3454 ex

356 3499 465 3582 quibua
484 3499 641 3560 nonnullos
661 3502 751 3560 etiam
772 3504 802 3560 in
823 3509 958 3560 senatum
979 3502 1101 3582 recepit.
1118 3499 1227 3561 Gallia
1241 3501 1324 3562 hmo

355 3621 426 3668 eata
446 3607 601 3670 dioebatur
622 3609 773 3690 provincia
789 3605 986 3666 Narbonensis
1001 3627 1019 3668 a
1033 3627 1143 3688 genere
1155 3609 1324 3668 vestimenti

355 3713 472 3795 (vulgo
493 3716 618 3787 bracle,
640 3715 700 3776 soil.
719 3713 918 3776 semioruralia
930 3715 957 3796 >3
984 3716 1061 3776 aicut
1080 3727 1218 3788 comata,
1245 3735 1322 3796 quae

354 3821 496 3880 Romanis
516 3831 674 3901 antequam
696 3843 715 3881 a
735 3823 862 3882 Caesare
882 3813 1091 3903 superaretur,
1116 3841 1177 3882 non
1201 3823 1323 3904 pararit,

354 3925 433 3986 dicta
453 3947 470 3984 a
491 3930 582 3988 onmis
602 3929 723 3992 alendis.
744 3929 843 4012 Sapra
863 3949 930 3990 mss.
952 3927 1065 4010 aliquot
1084 3926 1231 4011 quidlibet
1251 3947 1324 3988 oon·

352 4035 465 4094 cinnius
487 4055 576 4114 qnam
597 4034 682 4124 qnod¹
701 4035 785 4096 hebet.
