2910 4954
320 443 394 527 356
647 475 818 524 urrsrom
843 475 981 524 cuxcrv.
1100 473 1130 524 Α.
1148 475 1183 524 v.
1201 475 1232 520 c
1249 485 1296 536 ,η

319 579 528 651 auctoritate
553 591 590 651 et
614 576 760 650 consilio
785 591 857 652 tuo.
891 577 949 649 Sio
974 577 1068 649 enim
1092 576 1319 677 praescripsi-

317 709 423 778 mus⁶
440 707 498 805 iis,
523 705 650 807 quibus
675 732 715 780 ea
741 707 880 804 negotia
907 706 1169 805 mandavimus,
1185 719 1227 776 ut
1243 731 1317 777 oms

316 831 420 906 nibus
445 833 482 906 in
508 831 633 931 rebus,
665 859 754 934 quac
786 835 823 909 in
857 833 1010 934 aliquam
1043 831 1317 906 controversiam

318 971 545 1056 vocarentur,
577 972 612 1031 te
644 958 799 1057 arbitro,
831 973 889 1057 ct,
921 956 1018 1059 quod
1042 957 1232 1042 commodo
1258 970 1317 1030 tuo
1447 1003 1448 1045 3

317 1088 391 1168 fieri
417 1099 555 1186 posset,
581 1099 616 1158 te
643 1083 900 1185 disceptatorer
920 1095 1107 1164 uterentur,
1132 1083 1177 1160 ld
1197 1095 1238 1156 ut
1255 1081 1316 1158 hu·

317 1214 412 1287 noris
437 1211 508 1284 mei
534 1235 638 1284 causa
671 1211 863 1310 suscipias,
896 1209 1121 1283 vehementer
1153 1222 1188 1282 tc
1214 1209 1317 1286 etiam

317 1352 422 1444 atque
448 1338 554 1410 etiarn
580 1360 676 1434 rogo.
704 1335 797 1408 Illud
818 1349 1015 1435 praeterea,
1031 1337 1060 1408 si
1077 1359 1151 1408 nou
1168 1333 1317 1412 alienum

315 1479 377 1538 tua
403 1462 573 1562 dignitate
591 1460 734 1563 putabis
752 1487 846 1562 esse,
862 1461 983 1535 feceris
1000 1461 1086 1534 mihi
1103 1475 1316 1563 pergratumr
1447 1463 1448 1472 ’

314 1592 347 1668 ei
371 1589 431 1691 qui
457 1586 670 1664 difficiliores
695 1603 815 1688 erunt,
845 1603 885 1662 ut
915 1615 990 1661 rem
1015 1589 1090 1662 sine
1115 1601 1316 1663 coutrover-

314 1719 366 1791 sia
392 1717 519 1796 confici
543 1713 675 1814 nolint,
700 1717 729 1788 si
755 1741 835 1815 eos,
860 1715 1030 1817 quaudo⁸
1051 1741 1132 1788 cum
1158 1729 1316 1792 senatore

314 1835 370 1918 re's
395 1855 469 1941 est,
492 1843 642 1915 Romam
667 1843 836 1915 reieceris.
862 1842 971 1934 Quod
998 1867 1068 1944 quo
1094 1841 1231 1916 minore
1257 1841 1316 1915 du,

313 1965 487 2048 bitatione
513 1967 626 2040 lacere
651 1970 765 2076 possis
778 1987 804 2066 9,
828 1967 946 2042 literas
964 1968 1010 2041 ad
1026 1982 1062 2042 te
1079 1995 1099 2043 a
1116 1968 1164 2042 Μ.
1180 1967 1314 2069 Lepido

314 2091 477 2200 consule,
493 2118 567 2204 nou
585 2119 674 2194 quae
693 2105 727 2174 te
745 2092 876 2196 aliquid
895 2084 1084 2207 iuberentx(
1091 2119 1205 2206 neque
1222 2097 1315 2172 enim

312 2219 352 2300 id
377 2233 459 2294 tuac
484 2219 663 2320 dignitatis
689 2245 764 2302 esse
790 2219 1042 2322 arbitramur),
1072 2221 1136 2296 sed
1160 2222 1314 2324 quodam
1447 2301 1448 2306 ,

312 2346 423 2426 modo
448 2349 550 2449 quasi
574 2346 879 2427 commendatitias
896 2349 1093 2422 sumsimus.
1110 2347 1314 2448 scriberem,

312 2500 418 2576 quam
442 2473 481 2548 id
505 2473 715 2558 beneficium
738 2473 830 2548 bene
862 2473 959 2578 apud
984 2475 1191 2550 Mescinium
1219 2478 1312 2576 posi-

310 2614 550 2700 turusosses,
574 2601 642 2674 uisi
667 2614 704 2674 ct
728 2615 763 2674 te
789 2602 877 2674 soire
903 2601 1140 2701 confiderem,
1164 2615 1203 2676 ot
1227 2602 1312 2676 mibi

310 2739 477 2837 peterem.
514 2727 572 2800 Sic
605 2729 699 2802 enim
732 2727 836 2800 velim
867 2729 1060 2828 existimes,
1098 2753 1171 2803 nou
1196 2731 1312 2804 miuus

309 2837 367 2924 me
401 2849 445 2927 de
472 2851 569 2933 'illius¹
601 2879 638 2927 re
670 2851 847 2964 laborare,
880 2881 986 2956 quam
1016 2857 1133 2966 ipsum
1167 2853 1213 2929 de
1241 2881 1311 2935 sua.

311 2973 382 3078 Sed
408 2971 518 3080 quum
540 2977 640 3060 illum
665 2978 791 3062 studeo
818 3007 923 3083 quam
950 2975 1111 3058 facillime
1137 2980 1184 3062 ad
1209 3009 1311 3064 suum

309 3103 512 3203 pervenire,
535 3117 611 3178 turn
636 3103 724 3183 illud
742 3106 882 3209 laboro,
897 3121 1026 3187 utnon
1042 3093 1310 3193 minimum'buu

310 3253 388 3312 men
415 3230 722 3313 commendatione
747 3259 785 3308 se
810 3247 1040 3315 consecutum
1065 3234 1261 3318 arbitretur.

628 3497 659 3568 0
716 3486 893 3562 CDXCV.
1015 3531 1069 3590 (uu
1084 3531 1138 3580 mv.
1152 3531 1223 3592 xnt,
1236 3532 1283 3602 η)

309 3664 528 3742 Argrtmentmn.
550 3667 669 3728 Gratias
689 3669 767 3752 ugit,
781 3666 864 3748 qnod
878 3669 1026 3728 Aviauum
1046 3671 1306 3740 commendatione

348 3787 402 3838 §tut
421 3769 584 3842 liberaliter
603 3775 792 3858 tractaverim
812 3793 944 3866 eumque
964 3775 1156 3850 commendat
1175 3780 1295 3852 iturum.
