2898 4956
312 495 383 546 noo
672 485 841 538 rarsroaa
867 489 943 538 cot.
1085 489 1277 556 amq„
1316 521 1321 530 .

309 595 423 694 lebat,
447 591 667 692 Atellanam
697 591 782 690 sed,
807 604 846 664 ut
870 608 965 664 nuuc
989 591 1052 691 fit,
1080 579 1227 668 mimum
1251 596 1306 670 in·

312 720 507 797 traduxisti.
533 720 649 812 Quem
673 731 712 792 tu
736 715 824 790 milri
848 716 1043 818 popilium,
1070 743 1175 820 mem
1202 719 1308 794 dena-

311 849 404 924 rium
428 845 569 922 narrasl
586 847 616 911 ³⁷
643 869 748 948 quam
773 843 980 943 tyrotarichi
1004 843 1183 945 patinaml
1207 845 1308 920 Faci-

311 975 410 1050 litate
426 975 458 1026 ³⁰
483 999 561 1046 mea
585 973 651 1046 ista
677 969 875 1045 serebantur
899 983 1022 1044 antea:
1055 997 1150 1045 nunc
1175 986 1310 1046 mutata

311 1126 367 1174 res
392 1114 454 1174 est.
488 1097 641 1172 Hirtium
669 1121 735 1196 ego
743 1085 769 1198 ,⁸
787 1110 824 1170 et
846 1093 1064 1170 Dolabellam
1090 1097 1232 1172 dicendi
1258 1097 1310 1171 di-

313 1225 468 1330 scipulos
488 1225 622 1324 babeo,
646 1222 795 1298 cenandi
819 1225 1002 1323 magistros
1020 1224 1062 1296 ³⁹.
1098 1225 1192 1298 Puto
1218 1226 1310 1300 euim

313 1351 534 1450 reaudire,
570 1351 600 1424 si
632 1349 721 1424 forte
752 1348 800 1424 ad
833 1375 897 1424 vos
925 1350 1044 1424 omnia
1068 1349 1311 1450 perferuntur,

313 1477 394 1552 illos
419 1475 516 1577 apud
539 1501 597 1550 me
621 1475 861 1574 declamitare,
887 1500 942 1548 me
960 1474 1057 1576 apud
1072 1501 1133 1550 eos
1150 1477 1313 1550 deuitare

315 1603 373 1676 Tu
398 1615 533 1699 autem,
570 1599 667 1702 quod
699 1600 786 1674 mihi
818 1600 949 1676 bonam
979 1603 1118 1703 copiam
1142 1604 1256 1676 eiuras
1272 1601 1316 1701 4⁰,

315 1726 404 1800 nilril
428 1741 489 1801 est
516 1713 610 1800 *lum
634 1727 745 1826 enim,
766 1753 874 1830 quum
892 1754 965 1803 rem
982 1727 1135 1810 habebas
1148 1729 1192 1827 ⁴¹,
1209 1756 1314 1832 quae·

316 1849 463 1928 sticulis¹
477 1868 511 1927 te
544 1851 714 1928 faciebam
746 1856 968 1929 attentiorem
985 1854 1027 1927 4³.
1052 1855 1178 1954 Nunc,
1207 1881 1315 1958 quum

318 1993 391 2053 tam
416 2006 529 2082 aequo
554 1981 671 2054 animo
696 1979 790 2054 bona
816 1981 943 2082 perdas
957 1981 1000 2081 4³,
1016 2005 1088 2056 non
1109 2006 1153 2054 eo
1170 1981 1217 2056 sis
1235 2006 1316 2055 con-

317 2104 413 2206 silio,
437 2120 494 2204 ut,
520 2133 628 2208 quum
652 2133 709 2180 me
734 2105 888 2206 hospitio
914 2107 1080 2208 recipias,
1104 2109 1316 2182 aestimatio·

317 2257 400 2308 nom
413 2231 449 2298 ll
481 2245 517 2306 te
554 2231 706 2334 aliquam
738 2245 840 2333 putes
873 2235 1041 2334 accipere.
1078 2235 1197 2308 Etiam
1228 2233 1318 2310 haec

317 2357 432 2434 levior
456 2372 510 2433 est
534 2358 637 2461 plaga
670 2358 714 2431 ab
749 2359 886 2458 amico,
919 2363 1025 2461 paam
1054 2385 1074 2433 a
1099 2358 1260 2434 debitore
1274 2358 1317 2432 ⁴⁵.

292 2517 295 2524 ’
318 2483 394 2560 Nec
419 2498 537 2561 tamen
562 2511 621 2560 aaa
647 2510 750 2559 cenas
768 2511 915 2587 quaero,
931 2499 972 2559 ut
988 2511 1134 2586 magnae
1153 2483 1319 2588 reliquiae

317 2612 406 2686 fiant
422 2611 471 2684 4⁶:
505 2609 601 2715 quod
633 2611 721 2711 erit,
758 2613 983 2712 magnificum
1014 2613 1081 2712 sit,
1113 2627 1149 2685 et
1173 2610 1316 2686 lautum.

318 2735 466 2810 Memini
491 2751 526 2810 te
551 2737 639 2811 mihi
663 2736 838 2812 Phameae
850 2735 882 2805 la
904 2763 1026 2812 cenam
1051 2765 1200 2813 narrare.
1217 2737 1320 2814 Tem·

319 2861 437 2962 peu‘us
463 2863 524 2936 fiat
541 2861 584 2960 4⁸,
609 2876 723 2938 cetera
750 2863 876 2940 eodem
900 2864 1018 2939 modo.
1051 2864 1214 2956 Quodsi
1240 2891 1320 2967 per-

319 3009 458 3062 severas
482 3011 539 3060 me
564 2987 611 3065 ad
636 2990 756 3062 matris
781 3001 862 3066 tuae
888 3017 1012 3067 cetram
1035 2991 1259 3092 rememsis,
1274 2991 1321 3066 so·

318 3139 397 3188 ram
419 3111 460 3187 id
484 3137 631 3216 quoque.
658 3113 752 3188 Volo
786 3119 881 3190 euim
913 3117 1031 3192 videre
1057 3120 1235 3217 animum,
1259 3120 1321 3220 qui

319 3239 411 3314 milri
446 3239 574 3314 audeat
608 3241 674 3314 ista
686 3296 698 3339 7
734 3267 823 3343 quae
859 3242 1002 3343 scribis,
1036 3269 1236 3345 apponere,
1260 3257 1322 3317 aut

322 3366 429 3439 etiam
452 3365 625 3468 polypum
641 3367 788 3442 Miniani
803 3369 899 3443 lovis
911 3371 943 3420 ⁵⁰
965 3369 1121 3444 similem.
1139 3369 1228 3446 Mihi
1247 3397 1321 3444 cre-

323 3489 385 3592 de,
409 3516 483 3567 nou
508 3493 661 3568 audebis.
680 3496 772 3568 Aule
797 3521 916 3568 meum
940 3495 1133 3570 adventum
1158 3495 1250 3569 lama
1275 3495 1321 3568 ad

323 3633 359 3692 te
384 3618 428 3693 de
453 3645 531 3694 mea
555 3646 650 3695 nova
674 3620 811 3695 lautitia
837 3623 974 3696 veniet:
1004 3647 1083 3698 eam
1106 3623 1319 3696 extimescas.

322 3743 445 3847 Neque
477 3760 553 3847 est,
588 3743 686 3848 quod
718 3747 756 3820 iu
781 3747 996 3847 promulside
1020 3750 1096 3850 spei
1120 3773 1235 3847 ponas
1260 3747 1322 3822 sli-

325 3871 474 3974 quid⁵¹;
498 3899 613 3977 quam¹
629 3887 741 3948 totam
766 3873 897 3948 sustuli.
923 3873 1087 3950 Solebam
1107 3875 1202 3950 enim
1218 3887 1322 3950 antea

325 3993 490 4076 delectari
501 4000 533 4055 ⁵²
550 3999 652 4100 oleis,
677 4014 714 4074 et
737 3999 902 4081 lucanicis
929 4003 1006 4080 tuis.
1031 4001 1102 4081 Sed
1127 4001 1214 4102 quid
1236 4001 1321 4084 haec
