2932 4954
331 297 403 391 514
707 313 976 368 nunorlrroms
1095 341 1100 347 -

369 419 637 499 emendantem,
663 441 757 502 quum
782 420 889 481 eodem
910 432 1043 506 ternpore
1065 432 1096 482 et
1115 419 1260 484 Athamas
1279 447 1335 508 pe·
1434 483 1435 490 ,

370 531 484 606 uisset,
510 539 541 588 et
567 527 665 589 Alexis
690 531 895 611 aegrotaret),
915 529 1126 590 transferamus
1146 530 1253 592 Alexin
1280 533 1335 594 do·
1434 597 1435 606 .

370 657 454 696 mum
481 657 599 718 meam,
628 637 712 698 cuius
742 658 810 720 pars
835 639 970 720 superior
996 658 1090 698 vacua
1116 650 1167 700 est.
1194 640 1245 700 Sic
1271 641 1335 702 sere

374 744 489 804 Meout.

331 849 352 912 5
372 850 475 928 Quum
497 851 527 910 in
546 859 616 910 vett.
636 831 783 934 plerisque
804 853 946 934 scriptum
967 861 1045 913 esset
1063 866 1247 927 terminato,
1262 855 1335 916 Cor-

371 955 463 1018 radus
483 957 651 1040 exponebat
664 958 782 1018 Tironis
801 960 980 1020 manumissi.
1000 960 1153 1022 Manutius
1166 983 1241 1022 vero
1256 983 1336 1024 men·

373 1063 447 1124 dum
476 1066 640 1146 suspicatus
669 1064 843 1126 coniiciebat
867 1066 1076 1145 Thallumeto,
1106 1071 1157 1151 qui
1179 1080 1246 1130 erut
1265 1073 1334 1132 item
1434 1105 1435 1116 κ

372 1173 459 1232 Attici
480 1191 589 1234 servus.
610 1173 714 1232 Bosius
735 1171 865 1255 denique
885 1178 1015 1236 correxit
1032 1175 1192 1237 Demisere
1216 1197 1256 1237 ex
1279 1179 1335 1237 Dc·

374 1289 449 1340 cum
471 1279 612 1341 Tomaes.
632 1290 664 1340 et
684 1277 858 1342 Cruscllino.

772 1520 903 1580 CDLXl.

342 1730 352 1766 t
377 1708 456 1771 idest
480 1707 641 1793 peculiari,
671 1707 832 1791 singulari3
864 1729 910 1791 cp.
936 1707 1102 1790 COEXCl,
1128 1719 1190 1774 nol.
1210 1709 1242 1772 6.
1267 1712 1335 1772 Mox

376 1815 481 1876 Lamb.
501 1827 532 1878 et
552 1815 598 1876 etl
618 1817 705 1876 Rom.
725 1813 812 1899 apud
830 1837 895 1876 nos.

338 1943 355 1982 2
376 1925 496 2006 Accipio
514 1943 576 1983 non
595 1922 757 1984 masculino
777 1945 907 2006 genere,
926 1934 962 1985 ut
981 1923 1160 2005 intelligatur
1183 1924 1336 2008 dotorem,

377 2031 460 2112 quod
480 2030 543 2092 vult
562 2029 732 2113 Maeotium
761 2029 815 2092 sed
844 2041 971 2113 neutro,
1001 2042 1035 2091 ut
1065 2005 1102 2090 sit
1130 2031 1254 2114 aliquid
1282 2033 1339 2092 mei

376 2138 477 2198 mon's.
497 2137 593 2198 Plaut.
615 2139 698 2198 Trio.
719 2138 777 2217 111,
796 2158 833 2219 2,
852 2137 891 2200 5:
918 2137 1023 2220 Neque
1047 2157 1144 2200 noewn
1162 2152 1225 2212 ert,
1246 2161 1339 2222 raeque

367 2245 474 2326 faeere
505 2245 607 2305 didici.
639 2244 745 2306 Baceln
766 2245 805 2327 V,
826 2265 866 2330 2,
887 2245 945 2324 34:
976 2245 1024 2305 tta
1043 2259 1123 2307 cutm
1143 2245 1263 2328 sarim
1290 2269 1339 2329 ego

377 2351 462 2434 quod
479 2351 551 2413 diei
569 2351 654 2414 haud
671 2353 802 2415 mutabo.
822 2353 845 2414 1.
866 2351 902 2414 F.
924 2353 1056 2414 Gronov.

340 2461 358 2520 3
378 2459 594 2540 Quatordecim
614 2462 696 2522 aunis
716 2471 804 2541 ante,
830 2480 924 2542 quum
948 2470 1024 2521 esset
1049 2459 1159 2520 consul.
1182 2459 1219 2520 ld
1240 2460 1341 2522 elaris·
1433 2477 1434 2484 ¹

379 2571 451 2631 sime
471 2567 598 2631 ostendit
618 2590 665 2651 ep.
686 2567 864 2647 cccnxss,
889 2588 917 2627 1:
947 2589 1043 2650 eaque
1073 2567 1142 2650 ipsa
1174 2581 1341 2651 tempestate

378 2698 508 2738 eversam
532 2699 595 2738 essa
620 2697 711 2760 remp.
737 2673 888 2758 (cogitari
902 2671 930 2756 l,
956 2695 1050 2757 quam
1074 2696 1127 2756 ego
1150 2671 1240 2736 XIV
1255 2676 1341 2737 armis

379 2797 447 2845 ante
464 2784 682 2866 prospexetim.
702 2783 815 2845 Manut.

341 2891 362 2968 4
381 2891 485 2969 Quum
505 2889 665 2972 proconsul
684 2894 716 2951 in
736 2889 868 2951 Ciliciam
887 2888 1037 2972 proiectus
1057 2889 1092 2948 Α,
1112 2887 1151 2950 V.
1166 2889 1201 2948 C.
1221 2891 1343 2970 occu,

380 2998 455 3083 prid
477 2997 543 3060 Kal
563 2997 658 3082 Sext3
672 3019 738 3082 epp.
754 2996 878 3058 CCXIX
891 3007 922 3058 et
936 2995 1155 3058 ccxxxvltt
1174 2997 1232 3058 Me.
1255 2999 1343 3082 aliqui

377 3127 573 3192 permagnam
590 3119 714 3189 partem.
1432 3151 1433 3157 ,

341 3214 361 3276 5
382 3213 583 3278 Pluedicendo
603 3213 651 3274 hic
670 3213 770 3274 locum
791 3209 903 3272 habete
922 3229 983 3270 non
1002 3229 1110 3294 posse,
1136 3208 1224 3270 facile
1246 3231 1342 3272 essen

382 3325 462 3384 tiaris
481 3325 614 3384 animum
633 3325 657 3382 si
677 3331 759 3382 recte
778 3319 923 3382 advertas.
953 3317 1020 3378 Non
1050 3336 1157 3378 vereor
1182 3338 1222 3378 ne
1249 3339 1342 3378 errem

382 3433 405 3492 si
425 3429 585 3492 rescribam
603 3427 812 3512 praecidendo.
833 3424 1009 3488 Praecidere
1029 3423 1141 3486 bellum
1162 3423 1273 3485 eadem
1291 3424 1343 3485 ele

381 3539 480 3618 mutia
501 3536 608 3598 dieitur
627 3558 687 3619 qua
707 3535 877 3618 praecidere
897 3533 1065 3595 amicitiam
1091 3532 1219 3614 Saepius
1241 3533 1342 3594 Cicero

380 3645 438 3706 hoc
458 3645 551 3706 verbo
571 3643 677 3706 eadem
696 3651 841 3726 potestate
861 3647 932 3702 ustis
953 3652 1005 3702 est.
1023 3637 1194 3702 Hennam.
1209 3639 1339 3723 Ineptias

380 3771 451 3814 vero
470 3750 533 3812 Pal.
554 3763 650 3834 quart.
670 3748 885 3834 praedicando.

338 3855 359 3918 6
379 3858 521 3940 Quinque
542 3858 629 3920 oodd.
648 3869 719 3920 vett.
741 3857 884 3921 sentient.
906 3855 988 3918 Tum
1014 3855 1089 3916 alius
1112 3873 1170 3937 pro
1195 3855 1341 3916 menus-

376 3979 437 4028 sent
456 3965 548 4028 hobel
569 3967 755 4031 imrsinmm.
