2910 4962
322 451 395 528 382
669 473 841 528 nntsnom
868 473 973 525 nvun
1106 474 1138 524 t.
1153 475 1184 526 v.
1201 475 1232 523 e.
1249 487 1298 537 ,η

320 579 413 654 Ate
437 577 506 652 hoe
531 579 629 652 omni
654 578 882 652 contentione
906 590 1009 680 peto,
1033 578 1100 677 sic,
1125 589 1166 650 ut
1189 577 1324 652 maiole

321 731 421 806 cura,
445 701 577 780 maiore
603 705 710 778 animi
735 704 856 780 labore
881 718 1003 806 petere
1024 728 1099 778 non
1116 703 1267 804 possim,
1283 717 1326 778 ut

320 831 367 907 ad
383 857 441 931 ea,
458 857 548 934 quse
572 845 632 908 ma
657 845 788 934 sponte
811 831 887 908 sine
912 833 1120 934 cuiusquam
1143 854 1324 907 ‹tommen-

320 959 463 1034 datione
488 959 618 1034 faceres
643 960 681 1033 in
706 959 885 1033 hominem
911 972 1050 1033 tuntum
1075 971 1112 1031 et
1128 955 1252 1056 talem,
1267 983 1324 1030 cn·

319 1085 540 1186 lamitosum,
565 1083 717 1190 aliquem
742 1083 890 1160 afferant
915 1067 1094 1160 cumulum
1119 1107 1219 1157 mene
1244 1080 1323 1156 lits·

318 1239 400 1314 rae,
435 1239 506 1315 quo
544 1209 734 1288 studiosius
767 1239 870 1313 eum,
906 1211 1185 1320 quibuscumque
1216 1208 1321 1284 rebus

317 1341 450 1443 possis,
475 1341 581 1416 iuves.
609 1337 772 1434 Quodsi
797 1339 929 1416 Romae
954 1337 1076 1414 fuisses
1089 1339 1117 1438 ⁵,
1138 1337 1245 1412 etiam
1269 1361 1321 1410 su·

316 1467 428 1544 lutem
451 1469 493 1545 A.
517 1468 691 1544 Caecinae
715 1493 870 1545 essemus
895 1475 954 1559 (ut
975 1466 1101 1568 opinio
1131 1491 1209 1540 mee
1234 1463 1319 1554 lert)

315 1614 381 1694 per
411 1599 447 1666 te
480 1595 670 1668 nonmeuti
702 1593 757 1668 De
789 1621 860 1697 que
885 1607 1005 1670 tumen
1028 1619 1194 1692 mogunm
1218 1616 1318 1692 spem

314 1717 506 1820 habemns,
537 1719 616 1794 treet
646 1721 833 1798 ¹clementia
868 1721 1023 1822 collegae
1061 1721 1114 1795 tui
1130 1723 1157 1792 ⁶.
1193 1717 1318 1816 Nune,

314 1845 485 1948 quando?
512 1861 609 1922 tuam
632 1847 804 1922 iustitium
828 1862 986 1947 secutus,
1011 1846 1227 1921 tutissimum
1251 1841 1315 1918 sibi

313 1987 457 2074 portum
483 1975 701 2074 provinciam
726 1975 863 2048 istum⁸
888 1999 964 2050 esse
990 1973 1107 2073 duxit,
1132 1971 1239 2046 etiam
1264 1981 1315 2044 at·

314 2125 383 2202 que
407 2101 515 2176 etiam
540 2113 575 2174 te
600 2126 686 2200 mgn
712 2115 818 2204 atque
842 2127 923 2202 oro,
954 2115 995 2176 ut
1026 2125 1108 2176 eum
1140 2112 1177 2173 et
1204 2099 1243 2172 in
1265 2121 1314 2172 re·

312 2225 461 2329 liquiis9
485 2227 613 2302 veteris
637 2228 885 2328 negotiationis
909 2225 1114 2328 colligendis
1138 2227 1255 2326 iuves,
1278 2237 1313 2298 et

313 2355 438 2430 cetenis
462 2353 567 2430 rebus
592 2369 689 2455 tegus
721 2369 826 2460 atque
858 2365 986 2432 tueare.
1018 2355 1098 2432 Hoc
1127 2353 1215 2430 miti
1238 2379 1311 2455 gra·

313 2483 383 2560 tius
407 2483 520 2572 iacere
545 2483 632 2560 nihil
657 2499 769 2588 potes.

784 2741 883 2816 DIX.
1017 2780 1076 2839 (tu
1092 2781 1145 2826 nst.
1160 2779 1229 2840 xttt,
1242 2779 1286 2840 67)

309 2909 527 2998 Aigwnentwu.
549 2917 749 2978 Commendat
769 2918 942 2980 Androuem
965 2917 1188 3018 Leotlieensem.

550 3194 554 3200 ‚
579 3121 633 3172 scr.
653 3121 748 3176 nomae
766 3123 797 3213 s,
811 3123 844 3178 v.
861 3125 890 3178 c.
910 3125 1039 3179 nccvu.

397 3291 441 3356 M.
466 3292 502 3356 Τ.
527 3294 671 3365 ctctto
696 3295 730 3358 Ρ.
752 3296 945 3370 SERVILIO·
963 3236 1103 3369 ploitt.
1127 3299 1158 3364 S.
1181 3297 1220 3362 ll.

356 3481 413 3556 Ex
436 3483 619 3584 provincia
645 3510 724 3560 mea
748 3481 940 3585 Ciliciensi,
965 3487 1023 3560 eui
1047 3487 1115 3560 sois
1135 3494 1216 3589 τρεῖς
1236 3489 1305 3557 titos·

303 3619 407 3690 etone
431 3612 603 3686 Asiaticus
623 3629 634 3664 ¹
661 3612 846 3688 atuibutas
871 3611 1000 3714 inisse,
1030 3613 1128 3690 nullo
1153 3639 1233 3690 sum
1257 3615 1306 3690 lu·

305 3735 470 3812 miliarius
496 3745 605 3839 usus,
628 3765 734 3841 quam
758 3738 945 3839 Androne,
976 3743 1177 3816 Artemonis
1211 3743 1305 3840 lilio,

302 3861 532 3966 Laodicensi3
563 3891 713 3970 eumque
745 3865 853 3941 hebui
884 3870 921 3944 in
954 3893 995 3944 es
1024 3870 1167 3946 civitate
1193 3897 1299 3975 quum

303 3985 489 4092 hospitem,
506 4007 581 4068 tum
599 3995 823 4072 vehementer
841 3996 887 4072 nd
904 4023 1001 4074 meae
1022 3999 1111 4074 vitae
1130 4002 1298 4076 nationem
1433 4031 1434 4050 2
