2898 4956
336 459 407 553 234
673 478 843 530 narseum
869 481 981 533 cncxr.
1112 480 1308 550 anum

333 585 464 656 iudicat
484 601 523 682 ¹⁰,
547 597 583 656 et
616 609 737 656 omnes
770 584 863 656 cives
897 585 946 657 sic
978 585 1200 685 existimant,
1234 591 1333 690 quasi

330 711 449 786 lumen
476 709 635 812 aliquod,
661 711 839 785 exstinctis
866 712 1010 810 ceteris,
1046 710 1184 786 elucere
1210 717 1334 788 sancti·
1440 805 1441 814 ἶ

332 853 456 938 tatem,
482 851 518 912 et
543 837 784 940 prudentiam,
809 851 845 910 et
871 836 1076 939 dignitatem
1103 852 1209 914 tuam.
1237 841 1333 917 Haec
1440 879 1441 950 p

332 965 396 1040 tibi
430 965 476 1040 ad
508 965 675 1040 levandas
707 964 886 1039 molestias
924 991 1050 1065 magna
1087 992 1162 1040 esse
1194 965 1332 1044 debent
1440 955 1441 958 Ἴ

331 1092 439 1186 Quod
465 1108 581 1166 autum
607 1119 627 1166 a
654 1094 722 1200 tuis
748 1091 851 1192 abes,
883 1091 921 1166 id
946 1118 988 1166 eo
1013 1090 1126 1166 levius
1152 1093 1335 1170 ferendum
1440 1071 1441 1166 l

330 1235 407 1318 est,
444 1220 541 1322 quod
576 1219 701 1294 eodem
735 1233 893 1320 tempore
927 1245 946 1292 a
981 1217 1099 1292 multis
1133 1232 1170 1292 et
1199 1224 1335 1321 magnis

329 1345 495 1419 molestiis
522 1345 625 1418 abes:
658 1371 744 1448 quas
778 1345 824 1418 ad
850 1359 885 1418 te
911 1370 1033 1418 omnes
1059 1345 1335 1448 perscriberem,

329 1473 394 1546 nisi
421 1498 574 1571 vererer,
592 1498 636 1545 ne
662 1498 701 1546 ea
728 1497 958 1571 cognosceres
984 1472 1128 1573 absens,
1145 1499 1236 1575 quae
1254 1477 1335 1578 quia

327 1624 400 1672 non
427 1598 542 1700 vides,
568 1599 653 1672 mihi
683 1599 811 1674 videris
837 1599 980 1674 meliore
1007 1625 1081 1674 esse
1107 1600 1335 1700 conditione,

327 1752 431 1830 quarn
455 1751 540 1828 nos,
572 1727 632 1830 qui
665 1725 833 1800 videmus.
867 1727 1048 1800 Hactenus
1080 1728 1243 1801 existimo
1268 1754 1335 1803 no·

326 1867 434 1926 stram
460 1851 739 1928 consolationem
763 1865 858 1926 recte
885 1851 1080 1926 adhibitam
1100 1879 1193 1954 esse,
1212 1855 1334 1957 quoad

326 1980 455 2054 certior
479 1977 523 2052 ab
549 1977 692 2052 bomine
718 1980 931 2054 amicissimo
956 1981 1058 2055 fieres
1082 1981 1125 2054 iis
1152 1979 1335 2080 derebus,
1440 2055 1441 2062 ,

326 2102 453 2206 quibus
476 2104 583 2179 levari
609 2120 755 2206 possent
776 2104 958 2180 molestiae
976 2121 1066 2188 tatae.
1083 2106 1230 2210 Reliqua
1250 2123 1334 2182 sunt
1440 2087 1441 2100 ἵ

325 2233 362 2305 iu
387 2245 423 2306 te
448 2233 544 2334 ipso,
575 2257 689 2336 noque
715 2231 802 2306 mihi
834 2234 979 2334 ignota,
1012 2259 1078 2308 nec
1103 2235 1248 2308 minima
1274 2263 1333 2310 so-

324 2359 425 2462 latia,
450 2374 485 2435 et
510 2373 549 2434 ut
564 2375 591 2411 ¹¹
620 2357 760 2463 quidem
786 2385 852 2459 ego
879 2361 1009 2460 sentio,
1027 2360 1139 2434 multo
1164 2363 1331 2435 maxima:
1440 2441 1441 2444 ,

325 2514 413 2590 quae
439 2514 504 2588 ego
528 2489 604 2590 ipse
624 2505 653 2539 ¹²
684 2488 866 2590 experiens
901 2487 1078 2590 quotidie,
1109 2489 1160 2562 sic
1193 2489 1332 2590 pr0b0,
1440 2559 1441 2593 ,

321 2631 363 2688 ut
387 2643 427 2690 ea
452 2615 537 2689 mihi
564 2615 712 2690 salutem
746 2615 867 2689 afferro
903 2615 1096 2688 videantur.
1130 2615 1184 2688 ‘re
1211 2631 1332 2689 autem
1440 2607 1441 2676 ἶ

322 2741 367 2814 ab
393 2743 493 2816 initio
520 2742 644 2816 aetatis
677 2743 845 2816 memoria
878 2756 982 2816 teneo
1008 2767 1144 2814 summe
1170 2744 1332 2818 omnium

322 2865 560 2941 doctrinarum
584 2866 782 2940 studiosum
807 2868 931 2967 fuisse,
957 2869 1166 2969 omniaque,
1192 2895 1283 2972 quae
1309 2895 1347 2967 a¹

320 2993 585 3093 sapientissimis
619 2992 666 3065 ad
697 2992 788 3066 bene
814 2994 1008 3068 vivendum
1034 2993 1163 3068 tradita
1189 3009 1330 3095 essent,

320 3145 457 3194 summo
489 3118 606 3193 studio
643 3145 795 3223 curaque
831 3117 1005 3194 didicisse.
1043 3122 1145 3214 Quae
1181 3122 1327 3224 quidem

321 3243 377 3320 vel
409 3247 552 3348 optimis
589 3247 692 3323 rebus
725 3261 760 3320 et
792 3249 891 3348 usui,
928 3261 963 3321 et
996 3247 1222 3322 delectationi
1250 3275 1327 3323 esse

321 3388 480 3474 possent:
511 3374 566 3448 his
593 3401 676 3448 vero
710 3373 928 3475 temporibus
955 3374 1127 3448 habemus
1152 3373 1250 3448 aliud
1273 3378 1327 3449 nia

320 3501 386 3603 hil,
410 3503 446 3576 iu
472 3527 542 3604 quo
569 3503 838 3605 acquiescamus.
856 3500 952 3574 Nihil
975 3500 1101 3576 faciam
1117 3501 1326 3622 insolenter,

320 3657 432 3733 neque
458 3645 509 3732 te,
535 3630 594 3704 tali
620 3629 677 3704 vel
702 3629 866 3726 scientia,
883 3627 940 3702 vel
956 3643 1082 3702 natura
1107 3629 1324 3739 praeditum,

318 3757 508 3856 hortabor,
545 3773 583 3831 nt
616 3756 662 3830 ad
694 3782 752 3828 eas
785 3745 821 3827 te
847 3754 974 3828 reseras
1008 3769 1125 3854 artcs,
1149 3757 1324 3858 quibnsa

317 3877 437 3980 primis
464 3883 682 3984 temporibus
702 3881 825 3953 aetatis
843 3879 998 3954 studium
1015 3895 1117 3953 tuum
1136 3879 1266 3956 dedisti
1283 3881 1322 3950 ¹³.

315 4007 467 4081 'laruam
494 4010 624 4106 dicam,
641 4007 738 4111 qnod
757 4021 792 4079 te
810 4032 914 4108 spero
932 4003 1235 4105 approbaturum,
1252 4033 1322 4100 me,
