2910 4962
514 415 550 460 lli
576 409 765 462 arrarum

558 619 725 683 CCCXCV.

145 865 154 902 ι
178 841 228 911 lix
248 840 391 922 Graecia,
411 845 442 898 et
460 844 529 920 post
549 859 682 920 pugnam
702 835 912 898 Pharsalicam.

140 971 158 1010 a
180 949 235 1009 Est
261 966 375 1029 sermo,
401 956 436 1006 ut
461 945 600 1028 videtur,
627 945 665 1008 de
690 923 797 1024 ¹Quinti
823 944 921 1006 fratris
946 945 1070 1028 eiusque
1094 945 1147 1008 lilii

181 1059 283 1116 auiam
303 1058 334 1115 in
352 1075 383 1115 se
398 1055 593 1138 aversissimo,
606 1052 646 1116 de
658 1074 721 1136 quo
734 1052 816 1116 dolet
828 1075 875 1138 ep.
890 1073 949 1137 seq.
963 1052 992 1116 5.
1007 1053 1094 1117 amb.
1111 1052 1146 1116 15

181 1163 337 1246 magisque
356 1164 395 1224 irc
972 1195 974 1202 ·

514 1377 695 1441 cccxcvi.

144 1619 155 1656 r
183 1595 318 1674 Scilicet,
337 1613 387 1655 me
407 1605 530 1678 repente
550 1605 582 1656 et
600 1597 715 1678 impetu
727 1597 816 1656 ammi
836 1597 867 1656 in
887 1593 1002 1656 ltaliam
1015 1591 1149 1656 adduxe·

180 1705 243 1764 rint
261 1713 421 1783 antequam
447 1722 497 1762 me
524 1723 594 1763 cum
622 1703 749 1764 Caesare
773 1701 1024 1764 reconciliaverim
1045 1703 1148 1784 (epist

183 1808 402 1893 cccxcvtu,
420 1813 461 1888 r).
473 1810 546 1873 Post
557 1832 690 1894 pugnam
704 1811 905 1872 Pharsalicam
919 1811 1009 1890 Cato,
1028 1812 1081 1894 qui
1090 1809 1150 1872 XV

70 1924 71 1927 ’
181 1916 356 1978 cohortibus
375 1929 513 2000 praeerat
532 1919 707 1999 Dyrrachii,
728 1919 900 2002 contendit,
919 1930 956 1980 ut
982 1921 1016 1978 iis
1042 1918 1148 1978 Cicero

183 2046 256 2086 curu
268 2027 394 2109 imperio
407 2036 567 2107 praeesset:
589 2030 631 2088 ita
650 2031 826 2089 conveniens
839 2026 956 2110 legibus
970 2047 1049 2110 esse,
1066 2023 1150 2108 quod
1276 2047 1280 2058 ·

182 2131 326 2213 dignitate
345 2133 492 2194 consrdari
518 2134 718 2217 praecelleret
746 2137 851 2196 Cicero
871 2127 1031 2218 imperium
1052 2133 1151 2196 detre-

184 2244 478 2324 ctavit,“parumque
498 2242 608 2324 abfuit,
635 2247 708 2326 quin
729 2264 747 2303 a
766 2243 913 2326 Pompeio
933 2246 1050 2304 iuniore
1076 2244 1151 2304 cius·

184 2371 245 2430 que
266 2351 366 2411 amicis
387 2371 457 2410 eum
483 2351 668 2433 proditorem
693 2371 782 2434 saepe
801 2349 975 2413 vocantibus
1002 2351 1151 2410 interime-

183 2469 278 2518 retur.
304 2457 345 2518 Vt
374 2457 567 2518 Brundisium
597 2457 729 2540 appulit,
763 2457 892 2518 substitit
918 2455 960 2517 ibi
991 2457 1152 2516 Caesarem

182 2575 308 2646 propter
327 2568 536 2647 occupationes
556 2568 587 2624 in
607 2556 744 2647 Aegypto
766 2574 796 2625 et
815 2565 884 2625 Asia
909 2573 1077 2624 morantem
1097 2581 1152 2645 cp-

184 2675 311 2755 periens
330 2672 482 2734 Plutarch.
503 2675 534 2732 in
555 2673 648 2733 Cicer.
668 2695 697 2755 p.
719 2669 789 2734 880.

142 2803 162 2840 n
185 2780 291 2840 Nescio
311 2801 366 2840 cur
385 2783 564 2842 recentiores
584 2779 634 2840 hic
656 2793 686 2842 et
708 2779 783 2842 infra
803 2782 984 2842 mutaverint
1008 2781 1040 2839 in
1060 2775 1150 2862 quod

144 2889 163 2948 3
186 2887 320 2970 Scilicet,
339 2909 414 2971 quas
434 2888 520 2948 simul
543 2910 611 2950 cum
631 2889 712 2968 aliis,
732 2892 852 2951 nomine
872 2891 961 2950 etiam
983 2888 1119 2949 aliorum.

145 2998 167 3072 4
186 2995 294 3056 Lamh.
313 3010 340 3056 te
360 2997 456 3056 subita
475 3019 507 3057 rr
526 2997 618 3079 quasi
636 2995 829 3058 debilitatum.

144 3103 166 3164 5
187 3103 278 3187 Apud
298 3103 456 3165 Caesarem
477 3105 671 3186 Caesarisque
691 3108 809 3167 amicos

145 3211 169 3272 6
190 3210 308 3272 Scilicet
329 3211 368 3272 ad
388 3211 505 3274 urbem.

148 3341 165 3399 7
191 3317 257 3378 Hoc
278 3330 337 3403 est,
356 3322 398 3379 ita
418 3323 448 3380 in
467 3322 515 3380 via
536 3319 693 3404 disposita,
714 3331 750 3386 ut
768 3341 887 3405 semper
900 3321 998 3403 aliqua
1011 3321 1157 3404 habeam,

189 3447 252 3506 quo
273 3427 474 3511 iterfaciens,
494 3429 644 3511 ingrediar
664 3427 801 3489 interdiu.

148 3532 336 3614 illsaruico,
358 3535 470 3596 consuli
491 3535 550 3596 hoc
571 3558 659 3598 anno.
682 3537 779 3620 Supra
799 3557 856 3620 pro
881 3551 911 3598 at
935 3537 1040 3597 Basilo
1068 3534 1156 3596 codd.

180 3633 300 3704 'Amba
320 3663 343 3702 α
363 3643 490 3705 Basilio.

149 3770 171 3832 9
191 3749 263 3812 Var.
285 3771 352 3811 msa
374 3750 441 3812 hid.
462 3751 578 3813 addunt
598 3754 767 3838 scripserim
773 3775 785 3826 ‚¹
807 3773 900 3836 φιαιη
920 3752 1076 3814 lectionem
1090 3771 1160 3814 con-

183 3856 312 3932 tinuant
333 3861 455 3942 vestigia
476 3859 614 3922 codicum
627 3874 658 3923 et
670 3861 834 3923 editionum
848 3872 983 3924 veterum
997 3843 1160 3946 legentium

235 3963 340 4028 Cisra.
365 3965 465 4028 VIII.
488 3999 526 4018 ο-
548 3968 622 4030 Lete.
648 3968 680 4030 T.
704 3967 786 4033 VII.
1001 3991 1038 4050 27
