2932 4954
514 425 551 474 ιιι
579 408 770 475 ιιιιιοιιιι
1063 407 1138 482 ·5ι5

138 547 156 603 7
178 523 286 584 Lamb.
307 523 417 606 aliique
435 534 464 586 et
481 525 601 609 aliquid
619 525 743 588 actatau.

134 631 155 694 8
176 633 370 716 Pompeium,
383 634 564 713 Domitium,
577 633 744 718 Scipionem
759 646 790 696 et
804 635 957 698 Catonem.
975 637 1139 702 Consilinum

174 761 234 802 non
253 741 364 823 secuti,
390 762 428 802 ne
454 752 574 822 agentes
595 741 634 802 du
653 763 822 804 successore
841 754 910 806 aute
931 755 1048 828 tempus
1069 751 1138 808 mit·

175 847 267 910 tendo
297 849 368 931 (ep.
400 847 602 930 CCCLXV),
633 849 790 912 Caesarem
819 853 976 914 irritarent.
1012 851 1136 916 Corrad.

176 953 272 1016 Codd
292 966 363 1017 vett.
383 955 474 1038 aliqui
493 959 552 1018 siut
570 959 680 1039 secuti,
711 959 795 1042 quod
823 960 1001 1024 Benedictus
1025 965 1137 1046 recepit
1217 1029 1225 1045 ,

173 1073 242 1145 post
261 1061 444 1145 Bengeliurn.

131 1191 153 1252 9
173 1170 328 1231 Parietnm
348 1174 452 1232 ruinae
473 1181 505 1232 et
523 1171 633 1232 rudera
653 1172 782 1236 aedium.
804 1173 908 1236 Cicero
933 1163 1135 1258 metaphorice

173 1278 213 1338 ad
232 1281 350 1338 nnnam
380 1278 559 1362 reipublicae
591 1279 759 1364 transtulit,
789 1292 821 1344 et
848 1283 937 1366 quasi
963 1287 1135 1366 praeposuit

173 1388 284 1448 veritus
314 1407 351 1447 ne
376 1385 477 1468 paullo
505 1387 609 1450 durior
633 1387 785 1450 translatio
805 1389 964 1451 videretur.
984 1391 1092 1452 Ambb.
1113 1391 1133 1452 3

171 1504 202 1554 et
223 1515 240 1574 7
257 1513 326 1556 cum
345 1493 405 1556 Zel.
426 1496 453 1555 Δ
474 1506 504 1557 et
523 1496 613 1577 Rea,
634 1498 707 1558 item
727 1495 794 1557 edd
816 1498 902 1560 Rom.
925 1509 954 1560 et
974 1499 1135 1581 1ens.per-

171 1603 276 1682 petuis.
307 1601 389 1664 Alius
420 1623 454 1663 12
477 1603 672 1686 parricidiis,
704 1603 742 1682 ¹4
763 1604 950 1687 perdicium
977 1605 1025 1666 alii
1049 1607 1134 1674 aliter

172 1719 321 1792 corrupte.
1063 1766 1065 1775 .

133 1837 171 1876 ιο
192 1813 301 1876 Caesar
321 1814 485 1904 Sulpicium
504 1815 623 1900 plurimi
643 1817 771 1879 faciebat
791 1819 854 1903 (ep.
873 1817 1061 1905 CCCLXV),
1079 1823 1132 1906 qui

170 1927 198 1986 ei
218 1923 352 1986 adhaesit
370 1926 401 1986 in
419 1923 498 1986 bello
519 1924 611 2004 civili,
630 1947 781 2009 quemque
800 1937 868 2010 post
888 1930 981 1990 aciem
1001 1928 1131 1990 Pharsa-

168 2033 256 2094 licam
276 2032 404 2094 Achaiae
423 2034 607 2116 praelectum
627 2033 767 2116 reliquit3
788 2057 834 2118 cp.
856 2035 1017 2098 CDLXIX.

131 2161 163 2200 ιι
190 2139 239 2200 Sic
259 2142 358 2223 recepi
378 2161 448 2200 cum
468 2141 576 2202 Graes.
597 2151 628 2202 et
648 2140 725 2202 Olir.
746 2141 888 2224 aliisque,
914 2143 997 2224 quod
1017 2141 1130 2206 babent

166 2246 278 2308 Ambb.
299 2256 329 2309 et
349 2247 397 2308 olii
417 2247 551 2331 plerique
571 2247 640 2313 libri
659 2259 729 2310 vett.
752 2249 850 2310 Ceteri
870 2262 902 2310 ut
919 2249 1061 2332 qrtidem,
1082 2251 1130 2311 vel

165 2369 197 2416 et
215 2369 248 2416 ut
265 2355 417 2439 equidem;
439 2357 512 2418 tens.
533 2368 565 2416 ut
582 2355 720 2439 equidem
739 2357 845 2418 sentio:
865 2355 918 2416 sed
938 2355 1058 2428 mallem
1078 2355 1133 2418 sed

165 2475 205 2522 ut.
227 2463 308 2522 Tum
329 2462 419 2544 aliqui
440 2461 600 2546 utrobique
620 2462 724 2544 legunt
742 2482 844 2545 neque.

126 2593 164 2632 ru
187 2569 237 2631 Sic
257 2569 342 2630 lubet
361 2569 450 2631 edere
471 2591 541 2630 cum
562 2568 668 2634 bamb.
689 2569 904 2651 Martyni-Lag.
925 2580 956 2631 et
976 2568 1052 2629 Oliv.
1065 2612 1080 2650 ,‚
1095 2578 1129 2630 ut

165 2680 261 2738 estin
282 2676 401 2740 dnobus
421 2677 529 2738 ambo.
552 2697 571 2736 a
594 2687 625 2738 et
648 2674 684 2752 ι5
704 2675 845 2758 aliisque:
876 2696 946 2737 nam
966 2678 1007 2735 ita
1026 2695 1128 2736 sensus

164 2796 198 2846 et
217 2783 317 2846 {orma
335 2788 513 2868 requirtmt,
538 2795 568 2846 et
592 2785 782 2868 repetition
802 2805 854 2866 ego
878 2803 963 2867 prox.
990 2782 1126 2866 praeced.

163 2891 238 2952 attis
258 2891 344 2954 obest
365 2894 437 2975 ipse.

84 3027 89 3038 ¹
124 3002 161 3062 ι3
184 3001 306 3062 Servius
327 3000 476 3083 Sulpicius
496 2999 536 3062 ab
555 3002 677 3062 ineunte
703 2999 901 3060 adolescentia
926 2997 1060 3060 Ciceroni
1082 2995 1127 3055 ln-

160 3107 284 3169 miliaris
304 3107 374 3191 tuit,
392 3129 488 3190 quum
507 3110 638 3191 primum
658 3107 759 3170 Rhodi
779 3107 883 3168 studiis
903 3104 990 3166 sirnul
1003 3123 1126 3186 operam

160 3227 314 3276 navarent.
324 3217 371 3276 De
385 3218 448 3276 eius
461 3217 581 3277 seientia
594 3218 665 3276 iuris
679 3235 776 3274 sermo
790 3225 834 3273 est
853 3213 943 3273 etiam
957 3211 995 3270 de
1010 3209 1069 3269 Oli.
1084 3209 1123 3266 ll:

160 3324 208 3382 vir
235 3322 493 3384 administrandae
523 3325 594 3406 reip.
623 3323 827 3404 peritissinuus.
854 3321 924 3378 Duo
951 3315 1059 3377 hmbb.
1086 3335 1124 3374 ex

161 3429 370 3492 emendatione
389 3429 527 3492 adiecisti
532 3447 542 3512 ;
561 3449 639 3490 unus
660 3426 841 3508 7dedidtsu.
863 3425 960 3506 Supra
982 3443 1035 3482 ms.
1055 3422 1124 3502 qui·

160 3537 233 3598 darn
253 3539 376 3597 scientio
396 3537 443 3597 vel
462 3538 619 3619 sapientia.

124 3645 161 3722 id
174 3645 349 3705 Crataeide.
368 3642 490 3706 Corrad.
504 3643 609 3712 Paullo
623 3653 691 3703 ante
704 3640 882 3720 Mart-Lag.
897 3635 980 3722 quod
992 3651 1121 3716 sperem

161 3761 283 3834 praeter
303 3754 513 3816 necessitarem.
716 3820 718 3828 y

120 3859 160 3922 15
181 3859 262 3920 Bene
281 3861 324 3922 sic
343 3859 495 3922 Ernestius
514 3869 581 3940 post
601 3855 706 3918 Lairrb.
727 3854 858 3934 aliosque
879 3873 933 3934 pro
948 3849 1067 3934 ridgnto
1081 3851 1122 3910 vi-

158 3966 282 4047 rbium,
303 3969 350 4027 cui
371 3964 448 4026 male
468 3965 627 4049 respondet
643 3977 748 4047 postea
766 3981 870 4044 ,qrtaun
