2932 4954
324 323 397 418 542
686 343 959 394 susorsrrosss

364 461 423 510 tem
444 449 484 508 sic
505 463 607 508 sensus
636 466 697 506 non
727 445 858 508 absumis
889 459 1023 508 constare
1055 471 1142 532 posse
1176 454 1335 538 ridentur,

363 554 466 638 quidni
487 553 642 616 lectionem
664 556 817 634 antiquam
838 553 1034 616 retineamus?

328 683 363 724 ro
384 662 502 724 Scilicet
521 661 659 724 urbanas.
681 661 751 722 Mox
770 681 911 744 mapsam
928 677 1063 744 portent,
1084 687 1142 748 pro
1163 689 1277 748 magno
1298 693 1333 730 er

364 783 465 854 parte,
486 791 532 852 ep.
554 769 664 853 ccxl,
686 769 714 829 3.

328 878 363 940 13
384 878 530 955 Quintum
552 877 692 938 Catulum
712 875 907 960 filiumcius,
928 879 1070 960 quicum
1092 879 1126 940 C.
1140 881 1241 942 Mario
1262 906 1332 944 eon-

363 984 409 1046 sul
428 984 494 1048 soit.
513 985 594 1046 Misi
617 1005 742 1059 narras,
770 985 812 1046 ais
838 983 877 1044 ab
902 988 978 1068 reip.
1003 986 1139 1048 custodie
1164 1011 1331 1072 numquam

362 1093 533 1154 discessisse.
555 1093 593 1172 Q.
614 1092 738 1154 Catulus
759 1113 818 1154 cos.
839 1095 874 1156 A.
895 1093 932 1154 V.
954 1093 988 1156 C.
1008 1093 1191 1178 DCLXXV,
1223 1099 1331 1160 scilieet

362 1202 618 1262 calamitosissimis
639 1200 837 1284 temporibus,
857 1223 936 1282 quae
956 1202 1057 1264 Sullae
1077 1215 1208 1264 mortem
1230 1227 1333 1268 couse-

362 1319 433 1368 cuta
451 1321 528 1370 sunt.
549 1311 655 1392 Remp.
677 1319 781 1370 eontra
801 1309 947 1390 collegam
966 1311 1008 1371 M.
1023 1311 1174 1394 Lepidum
1196 1325 1332 1374 constan-

363 1428 463 1478 teret
488 1429 607 1478 suenus
635 1416 775 1478 defendit.
796 1416 834 1480 V.
854 1417 995 1498 Pighium
1022 1418 1061 1480 od
1088 1418 1172 1480 illum
1198 1443 1331 1502 annum3

363 1527 489 1607 Appiae.
510 1525 581 1586 Bell.
602 1527 657 1586 civ.
679 1525 709 1608 1,
734 1523 836 1605 ios-7.

328 1631 365 1710 14
384 1631 495 1715 Supple
527 1653 596 1692 omn
627 1631 672 1692 his
704 1631 887 1716 temporibus
918 1632 963 1694 vel
989 1633 1097 1713 rebus,
1125 1633 1172 1694 vel
1200 1635 1330 1698 subaudi

361 1763 456 1814 toute,
476 1739 559 1822 quod
579 1739 671 1800 habet
690 1749 792 1804 noster
817 1738 868 1822 15,
892 1739 1035 1822 quodque
1062 1759 1132 1804 suae
1157 1745 1202 1804 ita
1222 1765 1331 1827 perve-

361 1859 448 1910 uuste
473 1851 635 1930 opponitur
655 1861 700 1929 τῷ,
715 1848 771 1914 itta
796 1861 946 1931 ισηῳοηι,
973 1859 1006 1910 ut
1033 1851 1167 1932 recipere
1189 1872 1252 1912 non
1273 1851 1330 1912 du-

361 1956 500 2040 bitarem,
521 1959 574 2020 nisi
596 1959 711 2039 saepius
731 1956 903 2019 huiumti
924 1957 1089 2020 loetitiones
1109 1957 1259 2040 abruptae
1279 1981 1330 2020 oc-

362 2077 523 2126 currerent.
538 2064 622 2142 Quid
639 2063 1073 2148 simiie,inquit,nm1cqmun
1092 2065 1204 2128 scilieet
1217 2079 1330 2128 moesta

361 2183 430 2234 stult
450 2171 600 2255 tenpore?
616 2172 716 2232 Porro
735 2173 779 2232 mi
797 2193 856 2255 pro
875 2173 965 2246 asilii,
988 2183 1022 2236 at
1042 2173 1147 2256 vulgo,
1161 2177 1253 2236 estin
1266 2175 1330 2258 piu-

362 2280 445 2342 ribus
465 2299 532 2340 mss.

324 2387 363 2451 15
384 2391 417 2448 lu
438 2389 536 2449 torum
559 2409 647 2471 suepc
668 2391 762 2450 venio.
785 2387 901 2450 Marcet.
1089 2447 1092 2454 .

327 2495 363 2558 16
383 2497 555 2576 Caesarem,
576 2495 658 2580 apud
678 2519 769 2580 quent
789 2497 899 2558 Paetus
922 2495 1052 2558 urultum
1078 2499 1174 2578 gratie
1203 2497 1328 2558 valebat

360 2605 441 2668 Male
461 2605 550 2688 aliqui
570 2625 607 2666 ex
636 2626 683 2687 ep.
712 2605 834 2666 Dccxt
862 2603 902 2664 ad
923 2603 967 2666 Μ.
988 2606 1152 2666 monium
1173 2605 1327 2683 referunt,

361 2735 430 2775 narn
451 2713 500 2774 itta
520 2715 604 2796 epist.
626 2724 707 2795 post,
727 2711 803 2774 haee
823 2692 891 2773 aitte
912 2713 1046 2772 Cameris
1069 2723 1199 2774 mortem
1221 2716 1327 2794 scripta

360 2819 487 2881 ridetur.
507 2821 648 2880 Fortasse
667 2822 758 2880 etiarn
778 2820 913 2902 inteiligit
939 2819 1030 2880 elium
1058 2839 1149 2900 quein
1173 2820 1326 2880 Caesaria-

360 2947 453 3008 num,
473 2929 525 3008 qui
546 2927 682 2988 Ciceroni
703 2939 780 2989 esset
799 2927 958 2990 familiaris.

324 3055 359 3114 ¹7
381 3033 460 3094 idest
479 3035 647 3096 inscribitur
667 3045 697 3096 et
716 3055 826 3096 nomen
848 3057 949 3098 meuse
971 3037 1000 3096 in
1020 3045 1140 3096 senatus
1164 3033 1326 3108 corneliis,

358 3145 443 3223 quasi
464 3165 521 3226 ego
541 3143 697 3204 scribendo
719 3143 866 3205 affuerim.
888 3143 954 3205 t'id.
976 3142 1016 3204 ad
1036 3165 1082 3226 ep
1104 3143 1279 3218 cumn,
1299 3141 1325 3200 3.

359 3251 436 3312 Nihil
449 3254 629 3331 ingeniosius
640 3273 677 3312 ac
690 3254 788 3312 verius
805 3251 863 3314 hue
875 3251 1001 3312 Maeotii
1020 3251 1220 3325 surrectione,
1234 3269 1325 3330 quem

359 3361 430 3422 oiim
450 3360 614 3422 Lambinus
635 3372 664 3422 et
679 3381 778 3444 nuper
792 3359 946 3420 Schtttaius
958 3368 1145 3440 receperunt.
1159 3357 1325 3436 vulgatum

355 3489 455 3552 ponor·
480 3468 525 3530 ad
554 3467 741 3530 scribendum
762 3467 844 3530 nihili
876 3478 928 3528 est.
958 3466 1020 3526 Pro
1046 3465 1084 3526 Et
1109 3463 1234 3547 quidem
1256 3485 1325 3523 vero

357 3576 489 3638 rionnulli
510 3581 571 3638 sive
592 3579 684 3638 nostri
705 3578 766 3638 sive
786 3575 912 3636 eliorum
934 3573 1000 3634 iibri
1022 3583 1092 3634 vett
1113 3570 1275 3654 Equidem.

324 3683 359 3744 18
379 3683 492 3767 Suppie
511 3688 609 3746 sciam
628 3683 673 3746 eei
693 3683 828 3746 audiam.
860 3681 951 3744 Pect.
970 3691 1001 3742 et
1022 3679 1109 3744 tmb.
1137 3678 1172 3740 15
1198 3701 1216 3738 s
1238 3681 1323 3760 prins.

341 3811 450 3852 ,11111111
471 3792 568 3852 etalii
590 3791 653 3854 duo
674 3815 692 3854 e
712 3813 769 3854 sec.
789 3791 827 3852 dc
847 3813 885 3852 ea
905 3813 937 3852 re
955 3791 1052 3852 sciam
1073 3810 1135 3850 csse
1146 3787 1279 3870 factam.

325 3917 362 3980 ¹9
381 3897 505 3982 Caesar,
525 3921 615 3982 quem
636 3911 755 3964 senattu
776 3899 908 3962 moribus
935 3901 965 3960 in
992 3899 1150 3960 triennium
1172 3894 1326 3980 praesece-
