2910 4954
277 429 352 538 358
620 451 792 506 merom
817 453 939 506 mer.
1059 452 1090 504 ι.
1107 457 1142 505 r.
1160 456 1190 506 r.
1209 469 1256 520 ,η

544 679 600 736 fle·
616 681 714 736 Romu
731 681 764 738 Δ.
779 681 813 736 V.
831 682 860 736 c.
879 677 1009 738 noevtt.

599 871 746 940 nonno
763 869 909 941 snavro
926 873 956 940 s.
1071 839 1074 850 ’

322 1061 428 1142 lieet
450 1061 578 1140 eodem
601 1060 795 1164 exemplo¹
823 1061 962 1163 saepius
992 1059 1059 1136 tibi
1090 1061 1193 1137 lanius
1223 1089 1281 1164 ge·

275 1193 370 1267 neris
394 1191 516 1268 literas
537 1189 701 1294 mittam,
731 1215 841 1294 quum
873 1191 1003 1290 gratias
1034 1215 1155 1288 egam,
1185 1189 1283 1292 qnod

274 1343 375 1394 meas
416 1315 743 1392 commendationes
784 1329 859 1390 tam
896 1315 1081 1415 diligenter
1117 1316 1282 1393 observes

275 1443 393 1548 (qnod
416 1444 484 1518 secl
508 1446 545 1518 in
572 1443 661 1542 aliis,
686 1457 724 1517 et
747 1443 888 1544 seciam,
905 1457 946 1516 ut
965 1442 1089 1543 video,
1114 1445 1283 1545 saepius);

275 1571 340 1646 sed
364 1583 484 1644 tamen
509 1593 584 1645 non
608 1595 751 1671 peream
785 1593 939 1672 operae,
970 1581 1007 1644 et
1034 1583 1075 1642 nt
1099 1595 1166 1645 vos
1192 1571 1283 1644 sole·

276 1699 349 1772 tis²
365 1693 403 1771 in
421 1693 597 1804 formulis,
615 1699 666 1771 sio
692 1723 758 1798 ego
784 1697 820 1771 in
846 1695 1005 1799 epistolis
1032 1696 1076 1769 de
1101 1697 1225 1770 eadem
1246 1723 1282 1771 re

276 1821 346 1900 alio
370 1822 492 1900 modo.
515 1823 555 1900 C.
571 1824 755 1901 Avienus³
780 1825 887 1926 igitur
912 1823 1145 1898 Hammonius
1171 1825 1282 1897 incre-

276 1950 402 2026 dibiles
433 1950 522 2026 mihi
557 1953 687 2052 gratias
719 1977 784 2052 per
815 1949 933 2024 literas
958 1952 1050 2050 ep't,
1074 1964 1112 2024 et
1136 1977 1225 2050 suo,
1247 1963 1284 2024 et

274 2077 415 2152 Aemilii
439 2077 588 2176 trimi,
611 2078 752 2178 patroni
777 2077 852 2176 sui,
876 2078 1019 2152 nomine
1031 2105 1043 2176 3
1064 2099 1131 2150 noo
1156 2076 1282 2160 libers

274 2202 366 2303 lius,
398 2227 464 2278 nec
498 2203 790 2278 honorificentius
823 2205 980 2304 potuisse
1005 2203 1195 2303 tractarit,
1219 2229 1283 2278 nee

278 2343 584 2433 repraesentem,
609 2355 675 2404 nec
700 2353 776 2404 rem
802 2329 1008 2404 familiarem
1042 2329 1197 2405 absentis
1222 2357 1284 2432 ps·

275 2453 372 2532 troni
394 2456 460 2532 sui.
484 2453 529 2533 ld
553 2455 641 2532 milri
658 2477 766 2562 quum
784 2455 979 2532 ineundum
995 2470 1050 2530 est
1066 2479 1189 2531 eornm
1206 2483 1285 2531 can·

276 2609 333 2686 sa,
358 2610 446 2690 quos
471 2579 537 2660 tibi
563 2610 628 2686 ego
654 2611 793 2660 summa
816 2579 1074 2658 necessitudine
1091 2595 1128 2657 et
1145 2611 1283 2658 summa

153 2731 156 2738 '
276 2711 527 2788 coniunctione
553 2710 728 2786 adductus
751 2710 1099 2812 commendaveram,
1117 2711 1219 2812 qnod
1238 2711 1285 2788 Μ.

274 2835 446 2910 Aetnilius
477 2863 569 2911 anns
602 2853 658 2912 est
687 2865 731 2914 ex
761 2839 849 2916 meis
874 2838 1149 2916 familiarissimis
1177 2853 1283 2942 atque

274 2961 428 3062 intimis,
443 2964 596 3037 maxime
610 2968 827 3040 neoesssrins
842 2967 968 3066 homo,
985 2981 1022 3041 et
1041 2967 1177 3064 magnis
1195 2966 1284 3040 meis

275 3085 456 3164 beneficiis
482 3090 685 3191 devinctus,
710 3106 746 3166 et
770 3119 884 3194 prope
909 3095 1087 3193 omnium,
1111 3093 1172 3194 qui
1199 3090 1285 3166 mihi

277 3214 407 3290 debere
432 3215 566 3322 aliquid
590 3218 777 3320 videntur,
802 3221 1037 3321 gratissimus:
1068 3233 1146 3293 tum
1172 3217 1284 3293 multo

276 3342 486 3444 iucundius,
511 3358 546 3418 te
571 3371 646 3420 esse
671 3347 708 3419 in
734 3373 792 3420 me
817 3347 877 3420 tali
904 3347 1107 3445 voluntate,
1139 3359 1181 3419 nt
1205 3344 1285 3447 plus

276 3469 394 3570 prosis
418 3471 541 3546 amieis
573 3479 682 3573 meis,
713 3499 819 3575 qnam
852 3497 917 3572 ego
947 3499 1113 3575 praesens
1138 3471 1282 3546 sortasse

277 3595 507 3696 prodessem:
544 3597 651 3676 credo
663 3655 676 3699 ‚
707 3599 805 3700 quod
837 3599 948 3698 magis
976 3625 1041 3699 ego
1067 3596 1283 3694 dubitarem,

244 3753 247 3761 ·
278 3721 365 3822 quid
388 3723 529 3800 illorum
556 3749 658 3800 censa
685 3726 852 3824 lacerem,
869 3752 975 3828 quam
1000 3740 1057 3826 tn,
1082 3723 1169 3828 quid
1196 3749 1280 3798 mea.

263 3846 350 3922 'Sed
381 3849 451 3925 hoo
484 3877 558 3928 non
593 3851 738 3952 dubito,
771 3853 856 3956 quin
889 3853 1064 3928 existimes
1096 3851 1184 3926 mihi
1209 3873 1282 3925 esse

279 3989 426 4076 gratum.
451 3976 545 4054 Illud
570 3993 606 4054 te
629 4005 735 4080 rogo,
750 3995 792 4054 ut
816 3980 895 4055 illos
920 4005 1060 4084 ‹proque
1086 3992 1203 4078 gratos
1222 3975 1283 4049 ho-
