2932 4954
313 405 385 504 470
679 424 947 478 rusorrrrorus

347 549 427 590 rcere
447 525 589 610 signifieat
609 529 735 610 irripere
744 527 868 608 sowere.
889 527 980 588 Nimis
1000 524 1153 594 asbtilitor.
1173 524 1242 609 Ego
1262 526 1305 590 le·

347 639 473 700 ctionem
493 636 639 696 librorum
659 625 736 696 serra
756 637 891 697 omnium
910 645 980 696 vett.
1000 635 1135 696 mutandi
1155 638 1309 700 necessita·

346 758 408 808 tom
427 745 541 806 nullom
559 744 654 806 video.
675 743 768 806 Polot
788 747 874 827 prim.
894 741 968 804 dim
987 743 1060 806 haec
1070 741 1212 824 senescit
1228 765 1273 825 gr.

312 876 345 936 ¹7
367 853 477 915 indicia
497 851 569 914 mihi
589 862 670 932 sunt,
690 871 833 934 quorsum
853 871 900 912 res
921 871 1045 912 evasura
1066 851 1111 910 sit.
1132 849 1217 912 Libri
1237 862 1308 914 vett.

347 962 460 1044 aliquot
478 976 506 1023 et
524 973 717 1045 quamquam

312 1069 348 1134 ιθ
368 1073 428 1132 Nisi
448 1090 552 1132 rumor
572 1067 610 1129 de
629 1070 752 1130 victoria
777 1067 953 1130 Caesariana
976 1069 1035 1128 iam
1060 1070 1192 1150 coeperit
1216 1070 1309 1132 immi·

281 1213 288 1230 s
349 1183 421 1261 uui,
447 1199 636 1257 evanescere,
662 1179 738 1259 sire,
763 1186 797 1238 ut
823 1175 944 1238 Tacitus
970 1173 1120 1258 loquitur,
1147 1197 1308 1242 senasoere.

352 1288 457 1350 Graev.

312 1396 443 1480 191tam
467 1415 547 1455 nuno
572 1395 595 1452 si
621 1394 760 1454 iverimus
786 1389 825 1454 ad
844 1390 944 1470 Baias,
969 1411 1032 1472 quo
1055 1402 1191 1474 tempore
1215 1391 1310 1456 servet
1446 1401 1447 1412 ³

348 1501 522 1586 gratulatio,
540 1500 709 1562 videbimur
721 1501 805 1560 ivisse
817 1509 964 1562 natatutm
983 1498 1110 1560 laetitiae
1130 1519 1236 1578 caum,
1254 1522 1309 1584 po-

345 1613 405 1671 tius
418 1630 509 1692 quam
521 1607 669 1692 plorandi:
689 1618 793 1668 eontra
805 1627 877 1669 vero
897 1608 922 1666 ai
942 1605 1189 1688 exspectabimus,
1208 1607 1241 1668 id
1253 1612 1310 1670 en't

344 1717 504 1780 honestius.
525 1717 626 1778 mam
644 1737 737 1799 qiurm
753 1716 822 1778 irrito
834 1714 1069 1787 discmeriruo,
1091 1718 1176 1797 quasi
1196 1715 1309 1778 dioeret

344 1824 582 1886 honestissimum
601 1828 694 1886 immo
714 1844 777 1886 osse
797 1826 820 1884 si
840 1825 992 1884 mansisset
1012 1825 1042 1884 in
1062 1821 1146 1886 urbe.

306 1951 345 1994 πο
365 1933 477 2016 Supple
496 1932 622 2015 videbis,
642 1931 689 1994 vel
709 1932 783 2015 quid
809 1931 910 1992 simile.
936 1931 1010 1992 Mox
1029 1930 1113 1994 nobis
1137 1945 1193 1994 stet
1212 1931 1307 2014 illud,

344 2039 421 2101 idest
440 2061 520 2101 nuno
539 2039 615 2100 haec
634 2042 671 2100 sit
690 2049 791 2100 nostro
811 2042 962 2104 sententia.

306 2167 341 2208 ar
366 2145 432 2206 Hoc
452 2155 497 2208 est
513 2144 722 2207 tantummodo
735 2143 926 2229 petebamus,
938 2157 974 2206 ut
987 2167 1032 2230 ep.
1045 2145 1147 2208 DXlV
1160 2145 1228 2208 sub.
1240 2145 1306 2230 fin,

346 2253 399 2316 sed
419 2253 601 2336 frequentius
619 2252 676 2314 hac
689 2252 797 2314 forma:
817 2273 878 2316 ooo
890 2253 979 2316 modo
989 2251 1094 2314 ——sod
1105 2254 1204 2314 etiam¹
1226 2254 1304 2316 Olim

346 2361 436 2445 vulgo
462 2373 550 2422 ostreo
574 2359 809 2446 delectationem,
834 2360 923 2422 modo
949 2361 1088 2422 solatium
1111 2363 1304 2444 petebamus,

346 2469 433 2530 Amb.
452 2467 488 2532 15
502 2491 571 2531 oum
585 2468 632 2532 ed.
645 2470 721 2530 lene
733 2481 802 2532 arm
813 2468 1032 2532 delectationem
1045 2489 1105 2532 non
1123 2469 1263 2532 solatium
1273 2491 1304 2554 p.

306 2597 344 2638 oo
364 2579 431 2642 Non
451 2575 594 2663 deficere,
614 2588 733 2663 paratos
753 2597 807 2638 nos
828 2598 906 2657 esse,
927 2579 1029 2659 siquis
1043 2596 1135 2660 opera
1147 2588 1249 2640 nostra
1262 2579 1303 2638 uti

344 2683 438 2766 volet,
458 2688 519 2750 sive
538 2697 574 2747 ut
592 2689 755 2770 principes,
774 2687 835 2746 sive
855 2696 889 2746 ut
909 2686 1071 2768 ministros,
1090 2684 1130 2745 ad
1149 2687 1303 2748 restitum

344 2791 414 2852 dom
427 2813 521 2876 remp.
543 2793 689 2855 Graevius
708 2813 726 2854 e
746 2813 814 2854 mss.
834 2791 879 2854 od
896 2791 1132 2875 aedificandam,
1152 2803 1183 2854 et
1204 2791 1302 2856 deseo-

313 2943 317 2950 .
342 2896 386 2958 dit
406 2909 509 2960 eonon
528 2899 692 2982 virgarum
712 2899 794 2962 Eum
807 2902 941 2983 sequitur
954 2897 1118 2962 Salluuios.
1140 2899 1235 2978 Quod
1248 2899 1302 2972 otri
1445 2955 1446 2992 ,

341 3027 443 3092 posse,
463 3029 523 3070 oon
542 3007 673 3094 inficior;
694 3009 748 3071 sed
768 3009 895 3072 alterum
908 3008 1013 3070 melius
1026 3019 1057 3072 et
1070 3011 1215 3070 usimtius.
1235 3009 1302 3070 Mox
1329 3017 1335 3036 “

342 3114 430 3177 Amb.
457 3113 492 3178 15
511 3116 541 3176 ei
557 3119 665 3200 potius.
686 3093 796 3178 Sensus
814 3137 887 3178 vero
908 3128 965 3178 est:
986 3136 1048 3178 nou
1067 3116 1159 3178 modo
1186 3128 1301 3200 paratos

341 3241 404 3284 esse
424 3226 448 3282 si
469 3227 564 3286 vocati
584 3224 742 3306 fuerimus,
761 3245 867 3286 verum
887 3225 976 3286 etiam
996 3233 1101 3306 sponte
1121 3243 1286 3284 aoourrere.

302 3329 341 3390 23
361 3329 489 3392 Efficere
510 3331 622 3415 aliquid
642 3335 714 3416 reip.
736 3331 816 3394 utile.
838 3331 888 3392 Sia
908 3353 953 3415 ep.
974 3329 1302 3410 CCLX1,o:noroum

342 3437 374 3498 in
392 3451 420 3498 te
440 3440 661 3502 benivolena'om
680 3461 789 3502 novare
806 3459 969 3523 portemur.
991 3437 1094 3520 ltaque
1111 3438 1210 3500 minus
1223 3447 1302 3499 recte

343 3544 441 3607 facere
461 3546 533 3608 milri
553 3547 708 3630 ridentur,
728 3549 780 3630 qui
800 3549 953 3628 corrigrmt
971 3565 1080 3610 navare
1092 3547 1182 3630 trip„
1195 3563 1301 3606 mom

340 3671 463 3733 operam
479 3655 568 3741 reip,
579 3655 742 3739 gubernasse
760 3675 869 3738 remp„
888 3666 916 3716 et
935 3654 1035 3716 iwan
1054 3674 1162 3736 remp„
1181 3663 1217 3716 ut
1236 3649 1299 3714 ood.

340 3757 450 3822 Moffei.
