2932 4954
334 375 406 472 548
697 389 966 440 snuorrrrouss

374 521 437 562 sem
456 497 656 559 Februarium
676 494 789 554 Romae
810 492 920 553 Caesar
939 511 1000 552 non
1020 502 1097 574 emt,
1110 492 1164 554 sed
1177 495 1208 554 in
1220 493 1338 576 nffioe,

373 607 455 670 unde
474 604 562 666 rediit
579 603 630 664 die
650 601 751 664 xxvl
771 599 846 662 Iulii.
866 599 1044 680 Anouyuurs
1067 599 1153 682 apssd
1179 601 1335 664 olivum.

374 715 539 797 Gregorius
559 709 709 787 Gyrnldus
729 709 767 769 de
787 709 870 768 annis
890 720 920 769 et
939 707 1090 768 mensibus
1111 729 1169 770 une
1183 729 1254 770 oum
1268 711 1336 772 Kal,

375 825 463 884 Rom.
485 831 515 881 et
534 821 675 880 Graecos.
696 821 773 877 inter
793 837 885 900 opere
905 819 977 876 cius.
997 815 1071 876 Item
1093 815 1260 878 Sibrandus
1279 819 1338 878 Te·

378 927 481 990 turdus
502 925 641 1008 Sicnma,
671 925 828 984 Fastorum
860 922 1095 1005 Kalendarium3
1125 925 1198 982 item
1221 923 1261 985 de
1281 937 1338 984 vet

378 1055 457 1096 anno
477 1035 564 1094 llom.
584 1031 703 1092 Romuli
722 1042 752 1092 et
769 1033 882 1092 Numae
900 1029 1046 1113 Pompilii.
1060 1029 1178 1090 caussis
1196 1029 1284 1114 1599,
1297 1031 1338 1106 4⁰

379 1143 414 1202 ln
434 1141 500 1202 cod.
521 1139 607 1202 Amh.
628 1159 662 1198 ια
684 1149 850 1212 correctum
870 1138 926 1198 lirit
947 1159 965 1198 n
985 1159 1041 1198 sec.
1063 1158 1154 1196 manu
1169 1137 1245 1198 Καὶ
1263 1159 1341 1198 men-

379 1251 422 1310 sis
443 1247 629 1310 iruer'lralan's
646 1247 775 1329 ρήοήις
790 1245 839 1306 olii
858 1248 928 1308 item
942 1244 1051 1306 Ambb.
1068 1245 1257 1326 aliorumque
1273 1249 1337 1305 msti

380 1355 450 1417 libri
470 1357 614 1417 etexcuu
634 1365 705 1415 vett.
724 1353 939 1430 adultas,
960 1353 1008 1414 alii
1028 1352 1074 1412 ad
1096 1351 1241 1412 VIKal.

332 1455 362 1525 ’6
381 1463 599 1541 Abiectionem‚
619 1461 839 1545 demissionem,
851 1482 912 1542 qun
928 1481 965 1521 ex
986 1463 1108 1544 pristino
1126 1471 1207 1520 statu
1220 1459 1261 1520 ad
1275 1483 1343 1544 sup·

381 1569 553 1654 plicnndum
573 1589 639 1631 sum
661 1568 815 1630 adductus.
843 1567 980 1628 Nonnulli
1001 1589 1073 1629 vcro
1094 1568 1173 1628 illisu
1195 1571 1341 1629 omittunt.

344 1699 362 1757 7
384 1678 481 1759 Aliqui
503 1676 573 1737 olim
593 1697 672 1761 quae
692 1689 804 1760 tempus
824 1689 885 1736 mm
901 1677 1010 1758 postu&

344 1785 364 1844 8
386 1784 466 1844 Olim
487 1785 577 1866 vulgo
603 1799 633 1844 et
655 1785 763 1844 suurltit.
789 1785 893 1861 Quum
914 1787 980 1844 rusti
1001 1783 1178 1844 alterutrum
1200 1783 1342 1864 habant,

385 1891 491 1952 Lomb.
513 1891 637 1952 dederat
655 1905 684 1952 e!
701 1911 743 1953 ex
763 1892 870 1952 multis.

346 1998 421 2080 91d
441 2009 485 2059 est
505 2001 572 2058 reni
592 2003 623 2059 in
643 1999 721 2059 hunc
742 2003 920 2082 opinionem.
951 2000 1068 2059 Dicitur
1091 2010 1126 2059 ut
1145 1997 1298 2060 duoedere
1316 2001 1342 2058 ris

387 2107 576 2178 seutentiam
601 2106 705 2167 Grues.
727 2106 825 2188 Aliqui
845 2106 916 2166 olim
936 2107 994 2166 hoc
1014 2105 1153 2188 opinione
1173 2105 1307 2168 discessi.

647 2361 650 2368 '
751 2347 940 2408 cmxxvi.

355 2559 365 2595 r
390 2537 437 2596 Ex
457 2547 544 2618 gente
564 2537 695 2614 Licinio,
724 2529 890 2595 ut'multis
921 2533 1048 2596 ostendit
1068 2533 1287 2619 Spnnhemius‚
1311 2533 1346 2596 de

390 2655 497 2726 praest
520 2654 550 2704 et
570 2665 626 2702 usu
646 2643 733 2702 Num.
754 2645 830 2702 Diss.
851 2644 895 2724 X,
915 2663 944 2724 p.
972 2663 1016 2702 ro.
1042 2641 1186 2724 Verdmg.

351 2769 370 2809 2
391 2751 434 2810 Ne
456 2749 533 2809 ultra
553 2748 608 2808 tibi
628 2771 690 2810 csse
710 2749 812 2810 liceret
832 2753 861 2808 in
883 2749 989 2809 Sicilie.
1011 2749 1127 2810 Marus

352 2855 370 2914 3
391 2855 465 2916 Cod.
487 2855 546 2914 Zel.
568 2858 613 2935 A,
633 2855 737 2916 Lumb.
760 2857 867 2937 aliique
887 2867 956 2917 vett.
977 2857 1113 2918 omnibus
1133 2857 1165 2916 in
1185 2856 1281 2919 rebus.

352 2963 372 3038 4
392 2961 489 3044 Aliqui
510 2961 577 3022 libri
597 2973 665 3022 vett
686 2985 754 3024 cum
774 2977 909 3024 suessent
936 2963 997 3024 Sed
1022 2979 1211 3025 consuessent
1229 2967 1348 3027 coniun-

392 3071 469 3132 ctivo
489 3068 582 3130 modo
602 3070 708 3131 melius
726 3091 817 3152 quum
836 3073 1080 3141 consuescebantr
1095 3083 1126 3133 et
1145 3093 1251 3133 suesco
1272 3077 1350 3156 iguo-

392 3188 457 3236 tum
479 3177 622 3238 Ciceroni.
644 3179 731 3240 Grut.
752 3181 971 3240 consuevissent.

353 3285 373 3346 5
394 3284 480 3345 Anrb.
503 3285 520 3344 3
542 3307 612 3345 cum
632 3289 701 3347 Rec.
721 3288 845 3348 amr'cos.

353 3391 374 3452 6
394 3393 502 3454 Ambb.
524 3393 585 3454 duo
607 3415 675 3454 cum
697 3396 766 3456 Rec
787 3395 943 3480 offimmrs
964 3397 1084 3454 ratioru.

355 3521 373 3581 7
395 3501 444 3560 Sic
464 3499 532 3561 edd.
553 3521 597 3583 pr.
619 3513 649 3562 ct
669 3505 728 3584 ipse
749 3503 872 3582 Lamo,
885 3504 938 3562 nisi
960 3501 1042 3584 quod
1058 3523 1119 3584 pro
1139 3501 1185 3562 vel
1199 3501 1284 3562 dedit
1296 3523 1352 3562 seu.

392 3611 434 3667 At
452 3627 520 3667 mss.
541 3619 689 3689 quotquot
709 3619 838 3689 exstant,
851 3621 883 3672 et
895 3608 1001 3692 vulgo,
1015 3609 1097 3692 quod
1110 3609 1222 3692 probat
1241 3611 1353 3670 Manut

395 3715 463 3773 huic
482 3735 566 3774 meae
585 3718 730 3795 rogationi
746 3719 845 3798 potius
851 3741 864 3791 ,-
886 3717 938 3777 ubi
960 3715 1071 3798 aliquid
1091 3717 1291 3800 intercidisse,
1307 3727 1354 3776 sut

396 3841 500 3882 vocem
520 3821 649 3904 aliquem
670 3835 841 3906 corruptam
862 3845 941 3905 esse,
962 3824 1047 3884 focile
1067 3835 1285 3906 perspexerrmt
1305 3825 1354 3886 viri

397 3926 483 3988 docti.
506 3931 651 3994 Graevius
664 3933 731 3991 lireio
752 3953 834 3993 meae
854 3933 1000 4011 rogationi
1015 3933 1149 4014 prosimu
1164 3953 1223 3993 uon
1238 3951 1355 4014 ›rspon-
