2932 4954
527 377 563 422 ur
592 372 782 422 arrarocra
1080 353 1150 457 547

150 482 191 556 alf
210 481 332 538 Minime
353 476 491 557 edacem,
513 486 546 534 ut
567 497 612 557 ep.
636 477 770 536 CDLVll
791 487 877 558 extra,
899 489 933 536 ut
953 483 1068 540 monuit
1088 483 1151 541 Ma·

190 589 298 646 nuum.
320 585 390 644 Mox
410 585 562 644 Emestius
583 605 599 642 e
619 603 687 642 msa.
708 583 855 666 plerisque
873 586 1053 659 misitsed,
1068 590 1151 668 quod

191 696 279 755 etiam
291 715 318 750 a
339 694 445 754 nocuis
466 691 579 772 aliquot
599 690 691 751 abest.
719 693 757 753 Ar
783 711 853 752 sane
874 692 985 774 ahalae
1006 695 1060 754 ista
1080 715 1148 776 par-

191 800 278 862 ticula
300 803 384 862 ninus
405 809 448 860 en
468 797 595 880 abrupta
616 798 735 859 locutio.

563 1039 738 1100 CDLXXV.

155 1252 164 1290 ι
191 1231 240 1290 Sic
259 1231 352 1288 nostri
373 1245 475 1288 omnes
502 1227 609 1309 aliique
635 1249 701 1288 maa
729 1237 759 1288 et
782 1228 849 1288 edd.
876 1241 946 1290 vett
967 1231 1112 1290 Graevius
1132 1253 1149 1291 e

191 1335 310 1396 duobus
331 1333 440 1395 delevit
458 1355 573 1406 rurum,
595 1355 685 1415 quem
705 1345 823 1396 secutur
843 1345 890 1396 est
906 1336 1066 1398 &nesam

151 1465 167 1502 α
193 1444 245 1523 Ep.
268 1443 413 1503 anxv.

148 1551 215 1608 3T
218 1568 263 1608 res
290 1561 378 1610 »erant
403 1549 517 1630 Ligarii
545 1549 669 1631 fratres,
700 1571 829 1630 quorum
861 1571 937 1610 uuus
957 1553 1087 1628 Quintus
1108 1553 1147 1612 ad

190 1658 324 1738 l‘crnpeii
345 1668 439 1717 castra
460 1660 623 1718 transierat.

146 1765 237 1842 lSio
256 1785 322 1824 mss.
345 1763 478 1847 plerique
499 1777 528 1824 et
548 1764 616 1826 edd.
638 1776 702 1824 turn
724 1779 808 1846 vett,
829 1777 892 1826 turn
914 1770 1068 1851 recentior.
1087 1766 1147 1826 Ali·

186 1873 237 1952 qui
257 1871 286 1930 ri
304 1872 381 1954 quir.

145 1979 165 2040 5
189 1979 252 2038 lloc
273 1991 317 2040 eet
337 1979 385 2038 die
405 1979 519 2040 XXVll
540 1981 724 2040 Novembris„
747 1982 787 2040 Vt
813 2001 907 2042 annus
928 1983 1080 2042 llornanus
1099 1985 1145 2042 in·

185 2089 269 2146 curia
289 2085 334 2150 rel
354 2086 465 2148 malitia
485 2085 658 2169 pontificum
680 2088 765 2149 valde
786 2089 997 2170 perturbatus,
1023 2092 1053 2150 in
1078 2110 1144 2150 eam

184 2195 309 2252 fonnem
329 2215 419 2274 qoam
440 2215 520 2254 nunc
540 2195 601 2256 fere
622 2194 752 2276 obtinet,
774 2209 1018 2278 componeretur,
1039 2207 1069 2256 et
1083 2198 1145 2256 Ka-

185 2301 291 2360 lendae
312 2302 466 2360 Ianuariae
487 2301 640 2362 ordinatae
661 2314 862 2381 recurrerent,
882 2324 999 2362 necesse
1019 2304 1089 2380 fuir,
1111 2315 1144 2362 ut

187 2408 245 2468 hoe
265 2428 363 2490 anno,
384 2427 445 2489 quo
467 2407 575 2467 Caesar
595 2408 684 2468 fastos
705 2413 851 2486 correxit,
878 2409 939 2469 dies
960 2409 1054 2468 multo
1074 2408 1143 2491 plu-

185 2535 246 2594 res,
266 2533 357 2594 quam
378 2515 416 2574 de
437 2535 521 2576 inore
541 2515 785 2576 intercalarentur
797 2515 909 2597 (adep.
921 2515 1083 2597 CLXXXI,
1097 2517 1141 2594 α).

186 2623 289 2702 ltaque
311 2624 419 2685 Caesar
448 2633 568 2705 praeter
599 2643 730 2682 mensem
759 2621 1005 2702 Maledomnei,
1036 2625 1142 2703 quiex

183 2729 297 2788 Numae
328 2731 459 2790 instituto
490 2729 695 2810 inserebatur,
727 2730 802 2790 duos
829 2730 901 2790 alios
931 2751 1046 2791 menses
1066 2733 1142 2789 inter

184 2835 383 2902 liovemlrnern
402 2837 660 2919 Decembremque
681 2839 821 2920 inseruit,
845 2839 905 2914 ita,
926 2849 960 2898 ut
979 2837 1026 2898 ille
1048 2855 1142 2897 annus

180 2942 351 3023 ‹ruindcoiur
372 2941 496 3006 haba-et
517 2965 653 3028 menses,
674 2945 749 3006 idest
768 2945 830 3023 445
851 2947 921 3007 dies.
951 2949 1055 3024 Quare
1075 2956 1142 3028 post

184 3052 253 3110 lilus
283 3051 483 3134 uovennoes,
514 3056 538 3112 is
567 3054 619 3133 qui
649 3053 831 3135 aquabetur
861 3055 992 3114 decimus
1017 3065 1141 3134 quartus

182 3157 266 3232 dies,
287 3160 326 3216 ito
348 3159 548 3220 enunciandua
569 3159 625 3220 fuit
644 3172 678 3221 ut
698 3161 848 3222 diceretur
867 3161 992 3220 XVIII
1001 3161 1073 3220 Kal.
1094 3162 1142 3220 in-

181 3265 339 3322 tercalares
356 3267 485 3346 priores,
514 3277 545 3327 et
570 3270 611 3326 ita
641 3267 796 3348 deinceps:
828 3271 958 3347 itemque
983 3279 1051 3350 post
1071 3267 1141 3326 Idus

182 3373 289 3428 utensis
321 3371 498 3434 intercalaris
529 3375 658 3455 priore,
689 3373 738 3434 ille
767 3376 818 3454 qni
849 3373 1029 3452 sequebatur
1054 3374 1140 3454 (lies,

181 3475 215 3534 Χ
217 3475 307 3534 VIII
324 3477 394 3540 Kal.
416 3479 605 3542 intemalcrer
622 3482 814 3564 posteriores,
836 3483 956 3562 opinor,
983 3483 1140 3540 enuncian-

181 3581 238 3642 dus
259 3594 324 3642 erat
342 3588 354 3662 (
366 3585 498 3648 Mazoch.
519 3590 550 3648 in
570 3588 699 3670 Amphit.
721 3587 823 3668 Camp.
845 3607 874 3668 p.
900 3585 980 3665 151).
1001 3587 1138 3646 Nonnulli

181 3701 250 3771 post
269 3691 323 3750 loa
345 3692 528 3772 Scaligerum
548 3695 586 3756 de
600 3696 714 3758 emend.
727 3695 832 3777 Temp.
848 3695 888 3772 11,
910 3697 992 3754 aiunt
1012 3693 1077 3754 Kal.
1098 3697 1139 3754 in·

184 3798 340 3858 tutelares
362 3801 474 3879 priores
495 3821 556 3860 esse
577 3803 656 3864 diem
675 3806 806 3887 primurn
827 3804 933 3864 mensis
946 3801 1137 3862 Merledonii.

181 3909 221 3966 At
240 3905 452 3966 Merledouius
471 3907 656 3974 urserabatru
674 3915 705 3972 io
718 3913 744 3972 F
745 3911 932 3992 ebruarium;
945 3921 976 3973 et
987 3931 1042 3992 per
1054 3929 1139 3970 men-
