2898 4956
323 416 395 506 242
642 429 812 480 srrsrom
839 431 984 480 cnuxur.
1101 431 1130 476 Α.
1149 432 1183 480 v.
1201 431 1229 476 c.
1248 443 1299 494 7⁰⁷

320 541 393 635 cio,
426 536 566 608 defense
599 560 652 606 res
684 531 826 633 publica
847 547 894 631 ¹¹3
920 558 1108 634 versorque
1137 537 1175 606 in
1202 561 1325 608 eorum

320 665 505 764 naufragiis
533 677 570 736 et
601 661 776 737 bonorum
810 659 1086 762 direptionibus:
1117 687 1182 735 nec
1218 663 1329 738 audio

320 789 434 866 solum
459 789 575 894 (quod
599 792 715 891 ipsum
740 800 831 862 esset
856 789 1057 888 miserum),
1082 787 1145 862 sed
1171 791 1326 862 etiam¹²

320 917 424 992 video
450 926 545 1019 (quo
571 915 658 990 nihil
690 929 745 990 est
776 915 979 1012 acerbius),
1011 941 1134 990 eorum
1166 916 1327 991 fortunas

321 1045 498 1146 dissipari,
515 1042 642 1146 quibus
657 1068 725 1116 nos
742 1041 827 1116 olim
844 1040 1064 1116 adiutoribus
1090 1041 1181 1116 illud
1205 1045 1328 1118 incen-

322 1172 418 1246 dium
432 1172 462 1222 ¹³
480 1171 725 1244 exstinximus:
751 1184 805 1268 et,
821 1170 859 1241 in
876 1195 944 1271 qun
971 1167 1057 1243 urbe
1075 1169 1185 1245 modo
1203 1171 1331 1270 gratia,

201 1355 202 1358 ,
322 1299 549 1396 auctoritate,
574 1296 682 1396 gloria
706 1295 906 1395 floruimus,
931 1298 968 1369 in
994 1323 1035 1370 ea
1060 1322 1155 1370 nunc
1184 1299 1226 1370 iis
1253 1300 1330 1400 qui-

322 1426 402 1498 dem
427 1423 591 1498 omnibus
617 1449 789 1497 caremus·
810 1421 1020 1498 Obtinemus
1042 1424 1151 1525 ipsius
1169 1423 1329 1498 Caesaris

321 1577 493 1624 summam
519 1577 599 1650 erge
625 1575 690 1626 nos
715 1550 985 1624 humanitatem:
1012 1551 1076 1626 sed
1100 1577 1140 1624 ea
1157 1547 1238 1652 plus
1256 1578 1331 1626 non

321 1689 456 1777 potest,
481 1703 586 1778 quam
613 1677 665 1752 vis
691 1690 727 1750 ct
751 1679 902 1752 mutatio
935 1678 1094 1752 omnium
1128 1703 1248 1752 rerum
1281 1691 1331 1752 at·

322 1830 390 1906 que
415 1817 622 1904 temporum.
647 1805 771 1906 ltaque
799 1803 907 1879 orbus
933 1805 981 1878 iis
1006 1803 1113 1880 rebus
1134 1804 1333 1905 omnihus,

323 1930 450 2032 quibus
474 1944 511 2004 et
536 1941 660 2004 natura
682 1956 752 2030 mc,
777 1946 814 2004 et
838 1931 1021 2031 voluntas,
1046 1945 1083 2005 et
1108 1931 1329 2006 cousuetudo
1438 1935 1439 2022 J

322 2056 578 2155 assuefecerat3'
592 2083 700 2158 quum
718 2059 859 2157 ceteris,
875 2071 916 2131 ut
932 2058 1077 2161 quidem
1094 2058 1237 2158 videor,
1255 2071 1329 2132 tum
1438 2061 1439 2080 ³

322 2181 409 2254 mibi
425 2184 501 2284 ipse
518 2181 686 2284 displiceo
701 2183 738 2256 ι4.
752 2182 863 2258 Natus
879 2186 973 2258 enim
989 2184 1035 2258 ad
1051 2185 1228 2286 agendum
1243 2211 1332 2260 sem·

323 2335 387 2409 per
412 2309 544 2414 aliquid
569 2309 713 2410 dignum
740 2311 833 2412 vim,
856 2336 950 2386 nunc
976 2337 1050 2386 non
1073 2311 1183 2386 modo
1201 2311 1329 2412 egendi
1438 2369 1439 2378 ,

324 2437 498 2511 rationem
523 2437 654 2512 nullam
681 2437 811 2537 habeo,
830 2437 893 2512 sed
910 2464 954 2511 ne
972 2439 1148 2540 cogitandi
1169 2439 1328 2540 quidem:

325 2577 378 2662 et⁷
402 2566 461 2665 qui
486 2579 588 2640 arrtea
615 2580 676 2643 aut
700 2565 858 2641 obscuris
890 2563 1111 2664 hominibus,
1136 2581 1198 2640 aut
1223 2568 1329 2640 etiam

326 2691 486 2764 sontibus
511 2692 680 2792 opitulari
705 2707 885 2793 poteram,
909 2718 1004 2766 nunc
1029 2695 1068 2767 Ρ.
1093 2694 1256 2794 Nigidio,
1272 2695 1331 2766 uni

327 2818 486 2888 omnium
518 2817 743 2917 doctissimo,
775 2833 812 2892 et
844 2821 1086 2920 sanctissimo,
1111 2835 1147 2894 et
1179 2823 1330 2895 maxima

328 2941 508 3042 quondam
533 2945 643 3042 grstia
663 2947 704 3042 ¹⁵,
726 2943 815 3018 mlhl
841 2960 935 3021 certe
959 2947 1185 3046 amicissimo,
1209 2971 1256 3021 nc
1272 2947 1332 3021 be-

328 3067 432 3168 nigne
450 3068 593 3171 quidem
611 3069 770 3172 polliceri
787 3099 941 3177 possum.
969 3076 1066 3174 Ergo
1084 3075 1153 3150 hoc
1171 3089 1330 3177 ereptum

259 3261 264 3272 .
329 3187 383 3268 est
407 3193 586 3270 literarum
611 3223 727 3298 genus.

382 3351 403 3396 2
428 3322 614 3425 Reliquum
639 3339 710 3424 est,
736 3340 775 3399 ut
800 3326 962 3402 consoler
981 3331 1022 3426 ¹⁶,
1046 3341 1083 3402 et
1107 3326 1253 3402 afferam
1278 3354 1329 3402 ra·

330 3451 463 3548 tiones,
488 3429 615 3552 quibus¹
639 3465 675 3526 tc
701 3481 721 3525 a
747 3453 916 3527 molestiis
941 3475 1049 3530 coner
1073 3452 1259 3530 abducere.
1283 3457 1329 3528 At

330 3603 371 3652 ea
398 3577 541 3682 quidem
565 3580 711 3655 facultas
737 3581 793 3656 vel
820 3583 886 3680 tui,
912 3581 968 3654 vel
993 3581 1132 3656 alterins
1149 3582 1331 3658 consolan-

332 3707 386 3806 di,
408 3711 446 3780 in
472 3722 507 3782 te
532 3733 667 3783 summa
694 3723 763 3806 est,
788 3711 816 3783 si
843 3731 1008 3812 umquam
1026 3711 1062 3784 in
1080 3707 1151 3784 ullo
1170 3709 1244 3784 fuit.
1263 3709 1330 3784 Ita·

333 3858 401 3930 que
427 3859 503 3906 sam
529 3851 683 3936 partem,
708 3861 797 3937 quae
827 3834 870 3908 ab
904 3838 1072 3938 exquisita
1099 3837 1252 3940 quadam
1278 3863 1330 3910 re-

334 3958 428 4030 tione
454 3975 490 4032 et
516 3961 676 4038 doctriua
703 3963 951 4064 proficiscitur,
968 3990 1040 4038 non
1062 3965 1249 4062 attingam:
1270 3962 1329 4037 tibi
