2910 4962
490 423 527 471 ur
553 421 743 471 assarones
905 399 908 408 '
953 429 959 432 ·
1046 401 1121 502 4¹9

155 526 329 608 molestum,
350 525 396 586 vet
415 523 633 608 periculosum,
660 525 694 583 iis
720 543 780 584 non
807 527 967 606 concessis,
986 545 1034 607 ep.
1057 524 1119 586 GD.

158 633 283 698 Connd
469 713 471 723 .
814 644 816 652 ’
1022 627 1046 664 ·”
1145 677 1151 688 .

114 769 132 825 7
155 744 236 805 idest
260 745 330 804 iussi
357 742 419 822 sine
442 737 598 801 securibus
625 741 720 821 (quas
751 737 906 801 habebant
932 741 1122 822 magistratus

156 863 242 912 extra
254 849 395 930 urbem),
416 858 533 912 numm
554 865 624 910 cum
644 845 788 932 fascibus,
809 867 870 908 non
889 849 933 908 ire
953 846 1074 926 ordine,
1087 855 1123 909 ut

155 959 274 1020 lictores
294 956 389 1018 solent
414 967 482 1017 ante
507 957 710 1038 magistratus,
735 955 788 1016 sed
814 955 936 1016 confuse
964 953 1123 1036 incedere,

155 1069 241 1150 quasi
255 1076 350 1128 essem
370 1085 388 1126 e
409 1063 738 1128 turbaoccurrentium
758 1065 1065 1146 consectantiumque,
1084 1083 1123 1125 ne

156 1145 265 1236 mllites
284 1173 467 1255 Caesariani,
487 1175 540 1256 qui
559 1175 590 1233 in
608 1171 757 1256 praesidio
776 1171 879 1256 oppidi
903 1183 988 1252 sunt,
1015 1173 1046 1233 in
1072 1193 1124 1232 eos

157 1288 189 1344 et
208 1285 240 1342 in
259 1303 309 1346 me
323 1277 472 1365 'impetum
493 1280 639 1362 fecerent,
655 1287 763 1364 ‚utpote
783 1301 845 1341 non
860 1289 1053 1362 agnoscentes
1064 1283 1124 1340 im-

157 1392 276 1473 perium
298 1392 472 1471 cuiusquam
492 1387 676 1472 Pompeiani.
694 1389 723 1451 Ι.
738 1387 790 1450 Fr.
808 1389 935 1451 Gronov.
955 1387 1063 1462 Modo,
1077 1388 1125 1452 id·
1156 1409 1162 1423 ·

158 1510 204 1559 est
223 1517 327 1580 nuper,
342 1495 419 1564 dedi
438 1517 509 1558 curn
529 1485 637 1558 Gra'ev.
659 1507 690 1558 et
710 1495 788 1564 Oliv.
809 1496 931 1581 aliisque
952 1498 1124 1558 recentiori·

159 1607 232 1689 bus,
245 1625 341 1686 quum
354 1607 390 1666 sit
403 1607 434 1665 in
448 1625 514 1666 ntes.
528 1615 559 1668 et
572 1604 640 1666 edd
653 1615 724 1668 vett.
739 1627 807 1668 non.
821 1589 1126 1685 Ceteri'recentiores,

158 1725 195 1776 nt
214 1713 330 1778 nmen
352 1724 383 1774 et
401 1712 457 1774 los.
478 1713 555 1774 Vict.
577 1712 671 1793 Cleo,
691 1737 776 1775 minc.

116 1822 137 1885 8
158 1823 271 1912 llagca
290 1820 339 1882 hic
358 1821 442 1882 locus
461 1821 579 1882 laborat
599 1825 741 1884 varietate
761 1823 894 1883 lectionis
907 1824 938 1882 in
951 1821 1056 1906 codd,
1076 1842 1127 1882 vo·

160 1933 271 2012 riisque
292 1931 467 1990 coniecturis
488 1940 612 2009 vexatus
632 1941 684 1992 est.
707 1930 781 1991 Cod.
802 1929 875 1990 Ball.
896 1941 928 1992 et
948 1929 1045 1992 Helm.
1065 1928 1129 1992 alii-

161 2058 223 2119 que
243 2037 364 2120 decipio
385 2051 515 2120 ternpore
535 2059 581 2098 me
601 2036 707 2100 domo:
728 2052 755 2099 te
774 2038 910 2100 nuncad
920 2023 1081 2123 oppidum,
1101 2051 1130 2099 et

161 2145 307 2228 quoniam
326 2145 374 2206 liis
391 2145 523 2228 placeret
541 2145 630 2206 modo
647 2148 777 2231 propius
794 2147 952 2222 accedere,
973 2161 1005 2207 ut
1020 2145 1059 2208 de
1071 2147 1130 2207 tac

162 2275 195 2314 re
214 2251 441 2318 considerarem.
468 2253 521 2314 llis
546 2257 684 2338 proxime
711 2253 798 2316 codd.
824 2253 933 2317 amhn.
958 2253 1131 2316 considera-

162 2373 295 2444 rentpro
308 2358 527 2422 consideratam
540 2360 654 2423 habent
673 2383 743 2422 cum
764 2361 854 2425 llerr.
877 2374 909 2424 et
928 2363 1001 2425 lens.
1023 2361 1129 2422 Lamb.

162 2467 238 2530 illud
258 2469 368 2552 recipio
389 2482 518 2551 tempore
542 2491 588 2530 me
608 2469 698 2530 domo
720 2470 866 2553 glossema
881 2473 1012 2552 putavit,
1032 2480 1131 2531 cetera

161 2596 236 2637 vero
256 2578 297 2636 sio
317 2575 444 2658 legenda
469 2577 515 2638 Tu
535 2599 612 2637 nunc
631 2577 677 2638 od
696 2579 828 2639 Balbum
840 2589 870 2638 et
884 2577 1033 2661 Oppium,
1054 2597 1132 2661 quo·
1198 2573 1201 2589 “

161 2685 248 2744 niam
269 2683 306 2743 iis
323 2685 366 2766 pl.
388 2705 435 2744 nze
452 2705 499 2767 pr.
519 2705 566 2744 ac.
588 2686 697 2745 uticae
719 2683 757 2747 de
776 2705 808 2747 ne
834 2683 1061 2748 considerarent.
1088 2685 1131 2744 lo.

161 2791 216 2852 Fr.
237 2790 406 2852 Gronovius
427 2791 603 2853 coniiciebat
629 2793 738 2876 Recepi
764 2805 863 2855 mann
885 2807 992 2877 postea
1016 2791 1062 2854 ad
1086 2813 1134 2856 me

162 2897 297 2959 domm
321 2899 363 2959 Te
384 2921 461 2960 nrcnc
474 2899 520 2960 ad
534 2900 674 2983 Oppium.
695 2901 731 2961 Si
751 2903 788 2962 iis
806 2903 939 2985 placeret
956 2901 1046 2964 modo
1059 2923 1134 2986 pao·

160 3008 234 3090 pius
253 3005 440 3081 accederem,
461 3021 494 3068 ut
512 3009 571 3069 tae
590 3008 629 3072 de
649 3031 681 3071 re
701 3011 965 3074 consideraremus.
988 3012 1044 3073 Cui
1066 3033 1135 3074 con·

164 3117 297 3174 iecturae
310 3114 465 3176 Schiitzius
484 3115 627 3178 accedens
648 3117 731 3179 dedit
752 3120 787 3179 rt
808 3131 827 3180 e.
846 3141 879 3202 p.
900 3117 945 3180 ad
963 3141 1010 3181 me
1030 3119 1060 3181 d.
1089 3121 1136 3181 tta

164 3243 243 3282 nunc
257 3219 315 3283 adi
331 3221 389 3306 Op.
402 3235 430 3284 et
443 3223 572 3285 Balbum
580 3248 591 3297 ‚·
613 3245 744 3306 quorum
765 3229 886 3288 nomina
906 3247 995 3312 saepe
1015 3229 1137 3288 coniun-

165 3339 294 3413 guntur,
315 3340 350 3391 ut
370 3333 401 3390 in
422 3350 489 3415 epp.
510 3333 729 3412 CCCLXVlll,
750 3334 820 3418 CD,
834 3333 973 3419 aliisquel3
985 3334 1069 3420 quod
1081 3355 1137 3419 po-

165 3447 310 3498 stremum
338 3438 407 3500 ideo
428 3449 458 3501 et
483 3461 538 3502 nos
565 3444 736 3504 retinemus.
762 3442 904 3504 Ceterum
931 3442 1084 3526 vulgatam
1107 3451 1139 3504 et

165 3556 314 3606 mstorum
339 3545 520 3633 lectionem,
546 3553 681 3630 quamvis
708 3549 891 3636 corruptam}
909 3553 994 3634 sequi
1020 3549 1138 3612 consul·

166 3655 226 3713 tius
253 3652 409 3740 duximus,
434 3677 526 3740 quam
547 3659 665 3720 incertis
686 3662 862 3721 coniecturis
881 3655 984 3744 linniti,
1003 3655 1139 3743 [quarum

166 3760 269 3842 plures
295 3759 363 3822 vide
391 3764 472 3846 apud
500 3767 686 3852 Graevium,
713 3787 804 3852 mem
834 3767 969 3849 consule,
996 3771 1019 3828 si
1045 3766 1138 3829 lubet

168 3865 248 3928 Male
276 3878 378 3942 autem
406 3871 464 3930 lac.
487 3873 657 3936 Gronovius
682 3887 712 3936 et
734 3875 851 3938 Ernest.
876 3877 1009 3960 Oppium
1027 3889 1056 3938 et
1075 3875 1140 3938 An-

170 3976 292 4036 tonium.
315 3975 444 4040 Videtur
478 3991 577 4044 tamen
606 3983 664 4068 legi
694 4005 781 4069 posse
808 3975 918 4070 Recepi
942 3999 1069 4070 tempore
1095 4006 1142 4048 rne
