2910 4962
497 457 534 505 ιιι
559 455 750 507 arreronas
1061 436 1128 529 421

135 560 173 623 ιδ
193 560 287 640 Quod
307 559 480 643 Pompeiani
501 570 586 620 erant
605 562 715 620 ausuri.
735 557 831 620 Idem.
897 565 901 572 '

132 671 171 733 16
191 671 349 732 Caesarem
369 689 425 750 pro
446 687 478 728 se
498 677 528 728 et
547 665 617 731 filio.
639 667 707 734 Vid.
728 645 774 751 ep.
796 667 858 728 CD.
879 668 953 729 Mox
972 668 1076 732 Ambe.
1098 665 1135 732 1'6

166 801 197 863 q.
218 801 244 838 e.
264 797 324 837 non
342 773 447 837 audivi
464 797 558 860 neque
578 775 646 836 vicli.
667 775 746 836 Infra
767 777 882 853 literas,
896 775 1027 858 intellige
1039 777 1134 838 Pom-

164 887 226 969 peii
245 896 375 946 mortem
394 884 577 946 nunciantes.
597 884 659 944 Pro
679 882 907 946 Alexandrinas
928 883 976 944 alii
997 883 1134 946 Alexan·

167 993 268 1054 dieas.
315 1015 317 1023 ⁴

127 1123 162 1184 ¹7
186 1099 305 1161 Scilicet
324 1119 427 1160 meum
447 1120 486 1160 ex
508 1099 600 1160 fratre
625 1109 774 1182 nepotem.
800 1097 857 1160 Et
881 1099 968 1161 Rom.
993 1057 1133 1160 incidisse

165 1211 198 1269 in
217 1219 347 1282 euntem
368 1207 460 1292 vulgo
479 1229 521 1268 an
540 1220 668 1281 minem,
690 1207 743 1269 ubi
763 1206 864 1270 forsan
878 1207 988 1270 excidit
999 1229 1067 1270 eum
1080 1217 1132 1270 aut

165 1327 315 1378 mutatum
336 1319 367 1376 in
387 1337 436 1376 an.

536 1530 719 1594 CCCXClX.

125 1769 136 1808 ι
163 1744 259 1826 Quod
279 1745 371 1826 vulgo
391 1745 499 1828 legitur
518 1758 547 1806 et
565 1767 581 1806 e
601 1745 782 1808 Dolabellae
795 1747 872 1809 velit.
896 1761 926 1808 et
948 1747 1066 1810 llilliae
1086 1759 1131 1808 est

162 1877 181 1916 e
202 1856 374 1914 coniectura
397 1852 634 1914 Graeviibmb.
658 1875 674 1934 7
698 1875 767 1915 cum
794 1855 865 1916 Rec.
891 1867 922 1916 et
948 1854 1016 1916 edd.
1041 1857 1129 1916 Rom.

162 1973 194 2024 et
213 1961 289 2022 lens.
311 1961 340 2022 cl.
360 1981 403 2024 ex
422 1961 549 2044 Dolab.;
570 1965 601 2022 in
621 1961 730 2043 quibus
749 1965 820 2024 item
842 1963 910 2025 edd.
932 1962 1017 2025 abest
1035 1983 1128 2027 necas.

161 2071 210 2130 De
233 2068 334 2130 Tullia
353 2067 413 2129 vid.
433 2091 479 2152 ep.
500 2089 564 2152 sup.
587 2089 605 2130 2
627 2079 657 2130 et
678 2069 874 2133 CCCXCVll.
895 2145 901 2154 1

597 2313 659 2373 CD.

124 2523 136 2564 1
162 2503 236 2564 var.
256 2521 324 2562 mu.
345 2499 412 2562 ald.
433 2521 502 2561 cum
524 2500 571 2562 ecl
592 2501 667 2561 lens.
688 2501 740 2561 Ita
750 2500 871 2582 sactum
892 2503 1049 2582 igiturest.

118 2631 139 2670 n
162 2609 361 2686 Caesarianis,
382 2612 432 2692 qui
454 2609 568 2670 Romae
589 2595 683 2668 e'rant.

118 2719 283 2778 38extius
302 2720 383 2778 initio
404 2719 473 2776 anni
501 2717 661 2798 superioris
685 2725 754 2798 post
779 2735 871 2798 quam
896 2715 1008 2778 tribuni
1034 2714 1129 2799 plebis

162 2826 203 2902 Q.
224 2823 341 2884 Cassius
362 2833 392 2884 et
412 2823 454 2884 M.
475 2823 636 2904 Antonius,
656 2833 692 2884 ut
711 2822 798 2885 saluti
823 2845 895 2885 suae
921 2823 1129 2905 annularent,

159 2930 357 3016 profugerant
377 2952 416 2992 ex
436 2929 529 3016 urbe,
551 2953 583 2992 se
604 2953 695 3015 seque
719 2933 891 2993 Ravennam
912 2933 951 2994 ad
971 2931 1130 2994 Caesarem

161 3039 350 3101 contulerant
363 3039 428 3123 (ep.
444 3039 548 3121 CCCI,
561 3061 592 3126 a,
606 3051 636 3101 et
650 3040 733 3102 Caes
746 3041 817 3102 Bell.
833 3042 933 3122 ciat,
946 3039 967 3102 5
972 3041 997 3124 ),
1010 3041 1128 3102 Ciliciae

161 3171 180 3208 a
200 3147 347 3230 Pompeio
368 3159 398 3208 et
418 3147 531 3209 Senatu
550 3151 735 3233 praepositus
748 3147 811 3210 fuis.
825 3149 897 3211 Post
909 3170 1042 3233 pugnam
1055 3169 1128 3209 vero

159 3255 379 3339 Pharsalicam,
399 3259 485 3316 venia
505 3279 524 3318 a
544 3255 672 3318 Caesare
692 3260 864 3342 impetrata⁷
878 3256 917 3316 illi
930 3259 961 3318 in
974 3258 1042 3318 Asia
1057 3277 1129 3340 ope·

159 3386 228 3425 ram
254 3385 340 3425 suam
366 3366 492 3424 navavit
520 3362 671 3446 Significat
691 3367 793 3446 itaque
814 3365 933 3444 Cicero,
953 3364 1128 3444 Caesarem,

158 3475 213 3555 qui
234 3474 335 3531 omnia
355 3472 608 3532 senatusconsulta
633 3482 701 3555 post
723 3471 914 3533 tribunorum
940 3468 1044 3553 lugam
1071 3473 1128 3530 im-

156 3577 326 3662 probabat,
347 3576 485 3640 debuisse
505 3581 610 3660 etiam,
636 3590 671 3640 ut
696 3579 751 3640 sibi
778 3589 941 3656 constaret,
968 3567 1128 3660 imperium

158 3698 190 3748 et
209 3685 328 3746 lictores
349 3687 452 3747 Sextio
473 3707 626 3748 concessos
646 3709 664 3746 a
685 3687 800 3748 Senatu
821 3686 1009 3769 improbare3
1033 3707 1129 3767 quum

158 3806 262 3856 autem
278 3793 397 3855 Sextius
409 3794 527 3854 lictores
547 3793 646 3855 adbuc
665 3794 792 3875 habeat,
813 3794 973 3855 dicendum
994 3775 1077 3875 esse',¹
1093 3791 1128 3853 il·

157 3901 202 3964 los
223 3901 263 3963 ab
283 3904 348 3985 ipso
369 3902 495 3962 Caesare
512 3900 685 3986 datos‚non
698 3923 767 3964 suos
782 3903 915 3964 Sentium
929 3921 1126 3962 comerveue.

158 4011 247 4072 Ratio
269 4020 371 4072 autem
391 4009 541 4072 Ciceronis
561 4010 619 4074 alia
632 4024 697 4076 erat
709 4033 745 4076 ac
759 4011 856 4075 Sextii.
875 4011 952 4073 Nam
964 4011 1027 4094 ipse
1041 4007 1127 4070 licto-
