2880 4956
324 450 367 504 ra
592 447 764 502 arrarum
788 409 1022 504 accinxerit.
1097 451 1128 504 ι.
1145 453 1180 505 v.
1198 450 1229 505 c.
1246 457 1294 519 ,ιι

594 671 597 678 ’
644 681 978 758 cchxxXVffl.
1024 724 1078 783 (aa
1092 721 1144 772 nav.
1162 725 1230 788 vui,
1248 729 1291 786 η)

318 857 536 938 deprimentem.
557 859 720 936 Queritur,
745 881 777 922 se
798 860 940 922 Curionis
956 879 1062 922 amore
1082 871 1112 922 et
1132 863 1221 946 Appii
1243 861 1315 926 odio
1432 903 1433 906 =

356 968 387 1026 in
408 985 458 1025 eas
477 975 661 1048 pertractum
682 975 783 1048 partes
803 966 976 1040 esae,unde
996 967 1093 1033 multa
1111 969 1172 1028 iam
1193 967 1250 1030 sibi
1271 971 1316 1032 in·

354 1072 522 1156 commoda.
544 1072 653 1134 Caesar
673 1075 776 1147 enim,
795 1077 827 1134 in
847 1073 960 1136 bellum
974 1073 1191 1166 'Pharsalicum
1211 1077 1315 1158 profe·

354 1179 463 1252 lectus,
482 1179 599 1242 Romae
619 1178 755 1242 Caelium
774 1191 945 1262 praetorem
964 1180 1144 1263 reliquerat:
1162 1181 1245 1264 quod
1261 1205 1316 1246 au·
1432 1167 1433 1184 ι

352 1296 415 1348 tem
434 1307 496 1354 nou
516 1285 603 1358 huic.
622 1285 675 1350 sed
695 1284 866 1360 Trebonio,
886 1307 934 1348 res
954 1286 1086 1348 urbanas
1107 1288 1314 1366 mandaverat,

352 1389 403 1451 bic
423 1391 644 1473 aegresceret,
665 1391 865 1454 aemulatione
885 1391 991 1454 turbas
1011 1392 1110 1468 dedit,
1123 1393 1234 1476 quibus
1249 1400 1314 1480 ipae

353 1499 473 1582 gravius
493 1497 659 1558 incucurrit
683 1498 807 1590 malum.
839 1498 970 1560 Excusat
1000 1502 1119 1582 itaque,
1139 1501 1221 1584 quod
1242 1524 1312 1566 cum
1344 1583 1347 1589 r

353 1605 498 1666 Cicerone
511 1626 571 1666 non
584 1603 737 1690 proiectus
751 1605 843 1696 luerit
855 1607 885 1665 in
896 1606 1055 1667 Graeciam
1069 1606 1108 1668 ad
1120 1605 1312 1692 Pompeium.

519 1798 573 1865 'sca
590 1756 685 1864 Romae
702 1808 733 1864 Ᾰ.
750 1805 784 1892 V
802 1809 831 1864 C.
850 1787 952 1879 DCCV,
971 1809 1006 1864 ll.
1025 1809 1103 1866 Mart.

560 2007 604 2074 M.
628 2005 793 2076 CAELIVS
818 2007 1007 2075 CICERONI
1024 2009 1061 2072 ·S.

360 2199 455 2299 Ergo
479 2223 537 2276 me
561 2200 679 2300 potius
704 2200 742 2272 in
761 2199 933 2300 Hispania
949 2199 1079 2274 luisse¹
1098 2213 1188 2300 tam,
1204 2227 1311 2304 quam
1432 2271 1433 2296 ,

309 2321 484 2426 Formiis,
516 2305 626 2428 quum
658 2339 697 2400 tu
729 2325 908 2427 profectus
940 2349 976 2401 es
1009 2325 1056 2400 nd
1078 2327 1311 2428 Pompeiuml
1432 2399 1433 2424 3

309 2450 418 2547 Quod
441 2453 577 2526 utinam
601 2465 662 2526 aut
685 2451 824 2556 Appius
849 2449 1017 2525 Claudius
1052 2453 1090 2526 in
1117 2453 1184 2528 ista
1207 2468 1310 2556 parte
1432 2467 1433 2514 ι

308 2577 547 2680 prohibuisset
564 2596 589 2681 ²,
615 2593 677 2654 aut
701 2577 740 2654 C.
765 2579 871 2653 Curio
883 2634 894 2678 ,
930 2579 1028 2653 cuius
1063 2580 1215 2654 amicitia
1250 2607 1310 2656 me
1432 2587 1433 2636 ἐ

307 2704 491 2806 paullatim
514 2707 553 2778 in
576 2703 669 2780 hano
694 2717 834 2805 partem
851 2731 983 2792 *causae
1007 2703 1147 2808 impulit
1162 2708 1187 2778 ³.
1215 2706 1310 2782 Nam

238 2835 244 2842 ’
307 2830 396 2902 mihi
419 2831 532 2909 sentio
557 2829 690 2909 bonam
714 2843 870 2905 mentem
893 2830 1074 2906 iracundia
1098 2845 1135 2906 et
1159 2833 1310 2914 amaret

309 2953 471 3030 ablatam.
494 2957 580 3028 Tu⁵
605 2980 730 3056 porro,
755 2981 865 3058 quum
889 2954 937 3030 ad
953 2967 988 3030 te
1004 2959 1230 3059 proficiscens
1245 2985 1309 3036 no·
1432 3059 1433 3062 Ἴ

308 3097 368 3157 ctu
392 3079 587 3157 Ariminum
624 3083 818 3183 venissem,
857 3081 943 3157 dum
974 3084 1062 3158 mihi
1085 3087 1183 3186 panis
1207 3111 1308 3162 man·

307 3210 390 3285 data
415 3209 477 3306 das
503 3208 549 3282 ad
574 3209 780 3309 Caesarem,
806 3222 844 3282 et
867 3210 1108 3304 mirificum
1078 3235 1192 3286 civem
1217 3215 1307 3316 agis,
1391 3244 1394 3250 ¹

304 3338 408 3412 amici
432 3333 588 3410 officium
612 3334 815 3436 neglexisti,
840 3359 955 3438 neque
979 3341 1079 3412 me6
1092 3335 1305 3417 consuluisti.
1432 3381 1433 3392 ,

300 3461 423 3567 Neque
447 3459 535 3536 haec
561 3462 659 3561 dico,
675 3460 773 3564 quod
791 3460 948 3538 diffidam
967 3461 1050 3538 buic
1068 3490 1209 3540 causae:
1225 3465 1306 3567 sed,

300 3589 405 3664 crede
430 3590 531 3689 mibi,
557 3589 674 3690 perire
699 3589 807 3662 satius
832 3601 902 3687 est,
927 3615 1034 3692 quam
1057 3588 1123 3666 hoa
1145 3590 1305 3668 viderer.

302 3715 464 3810 Quodsi
489 3718 595 3792 timor
633 3717 804 3790 vestrae⁸
840 3713 1056 3790 crudelitatis
1087 3743 1162 3793 non
1190 3733 1307 3820 esaet,

301 3841 403 3916 eiecti
425 3843 496 3917 iam
520 3841 659 3945 pridem
683 3841 766 3916 hino
792 3865 954 3916 essemus.
985 3841 1078 3920 Nam
1101 3843 1160 3918 hic
1185 3871 1305 3947 nunc,

301 3981 441 4070 praeter
462 3969 696 4046 foeneratores
721 3991 871 4070 paucos,
895 3993 962 4044 nac
981 3968 1109 4074 bomo,
1128 3999 1195 4048 nec
1212 3973 1302 4051 ordo
