2932 4954
508 427 546 477 tn
573 427 761 476 arrsronas
973 411 985 502 2
1059 409 1136 508 519

136 555 174 594 oo
197 529 293 614 Aliqui
319 529 390 591 olim
421 550 622 614 quoscumque
646 531 723 592 viros
746 531 775 589 li.
800 530 868 590 Mor
889 531 1010 593 Lellern.
1031 556 1048 594 e
1067 555 1134 594 mss.

175 643 284 720 regiis,
303 637 413 723 quibus
433 641 618 698 eonsentiunt
638 637 744 698 Ambb.
760 637 838 718 duo,
850 657 872 698 o
891 640 998 722 quibus
1018 655 1133 704 mador.

175 750 278 831 Neque
299 747 461 807 neeessariu
482 756 526 805 est
542 747 736 829 praepositio,
755 765 848 829 quum
863 767 933 808 casn
950 750 1038 809 tertio
1050 769 1134 812 more

177 857 295 916 Graeco
316 875 411 937 aeque
430 853 508 914 bene
529 853 652 914 dicatur.

139 963 179 1024 23
201 963 298 1043 nttqm
319 961 390 1022 olim
409 962 494 1043 prius
514 980 573 1021 om.

137 1072 180 1148 ad
198 1069 304 1131 Lamb.
325 1069 434 1152 aliique
454 1067 638 1151 amplector3
658 1069 708 1130 alii
727 1069 911 1153 complector.

138 1175 180 1238 25
200 1175 284 1240 idem
305 1173 411 1236 Lamb.
432 1195 479 1236 ore
499 1175 671 1253 iminium,
683 1195 790 1259 nempe
803 1179 874 1259 quia
891 1175 1013 1238 fortasse
1033 1177 1137 1239 durior

180 1283 287 1368 ellipsis
308 1285 334 1344 ei
354 1285 416 1343 risa
436 1293 499 1361 est,
519 1293 550 1344 et
569 1283 728 1344 mendosus
748 1283 851 1368 locus3
883 1283 935 1346 sed
955 1305 1005 1346 eos
1025 1287 1077 1367 qui
1097 1287 1138 1346 sio

181 1394 357 1474 opinentur,
387 1391 498 1473 optime
527 1389 633 1452 refellit
661 1391 825 1472 Manutius,
855 1413 945 1475 quem
968 1391 1045 1454 vide.
1065 1393 1139 1456 Mox

181 1499 262 1558 idem
281 1497 387 1558 Lamb.
408 1519 477 1558 oum
498 1496 561 1558 aliis
578 1499 724 1582 perveniri
741 1519 772 1581 p.

140 1605 182 1666 26
202 1604 289 1666 Amb.
312 1625 330 1685 7
352 1605 457 1666 malim
475 1626 573 1666 nicom
592 1627 675 1688 esse,
694 1617 731 1666 ut
749 1605 841 1667 edidit
861 1605 1138 1687 Memmi-Lagnum

141 1731 184 1794 27Ι
202 1711 305 1774 Rebus
324 1717 385 1774 sive
405 1713 546 1795 lunonis,
571 1723 600 1774 et
620 1711 762 1796 significat
782 1715 840 1774 oito
861 1715 891 1774 in
910 1716 1036 1796 patriam
1056 1717 1141 1775 resti·

180 1831 281 1881 tutum
295 1823 330 1880 iri
343 1819 501 1902 Figulum,
514 1831 544 1882 et
556 1832 803 1903 recuperaturrun
817 1821 905 1882 bona.
916 1819 1024 1882 Ambb.
1038 1841 1142 1884 omnes

183 1927 293 2009 aliique
313 1927 380 1987 libri
399 1937 469 1988 vett
490 1941 516 1988 te
535 1949 618 2009 etseq
644 1928 726 2010 quod
746 1931 835 1989 etiarn
856 1928 948 1989 edidit
968 1902 1141 1988 Schtitsius:

183 2045 214 2093 et
235 2055 305 2094 sane
324 2048 350 2094 te
370 2033 550 2117 praecedens
579 2038 693 2118 regitur
723 2058 741 2096 a
772 2055 911 2120 sperare,
938 2034 996 2095 hoo
1015 2033 1143 2098 alteriun

182 2143 405 2206 renovamen
426 2145 482 2203 rite
501 2143 640 2226 postulet.

141 2247 183 2312 28
204 2249 254 2310 Sic
274 2249 423 2312 Victorius
443 2250 550 2332 aliique
566 2261 690 2334 posterr.
705 2251 812 2312 Ambb.
829 2271 931 2312 omnes
948 2250 1056 2330 aliique
1076 2267 1143 2308 mss.

183 2367 215 2418 et
235 2355 303 2417 edd
325 2367 394 2418 vett.
415 2359 559 2419 bosseret
576 2359 732 2420 obsecrem.
753 2357 827 2420 Mox
847 2377 913 2418 mss.
928 2356 976 2418 alii
989 2353 1144 2438 sordioqoe

38 2445 48 2470 ⁹
183 2464 335 2546 reperistis
356 2464 404 2526 alii
422 2465 571 2548 peperisti.
662 2455 664 2458 ¹

142 2591 187 2656 ²9
206 2569 424 2634 Persecutionis
444 2571 621 2652 Clodianae,
642 2582 672 2633 et
692 2569 790 2631 exsilii.

571 2809 730 2886 anxw.

149 3021 161 3061 ι
188 2999 287 3081 Aliqui
298 3010 367 3062 vett.
377 3001 434 3083 qui
441 3020 521 3062 cons.
532 3021 571 3060 m.
587 3014 676 3084 osque
689 3021 735 3076 o.,·
750 2999 868 3062 sehon.
881 3000 989 3084 optime
1004 3011 1094 3082 atque
1108 3019 1148 3060 m.

146 3127 166 3167 o
189 3107 302 3188 thote
332 3110 384 3189 qui
414 3107 460 3170 vel
490 3107 601 3169 bellum
633 3108 711 3170 lente
736 3107 900 3190 gerendum
921 3105 1060 3167 censebat
1079 3107 1148 3186 (ep.

190 3213 298 3274 CDLll
312 3212 339 3296 l,
360 3227 394 3276 ut
414 3216 552 3298 explanat
571 3215 743 3298 Comedus3
770 3214 815 3276 vel
837 3211 1039 3296 exprobrabat
1057 3211 1169 3286 Porn-¹

190 3321 277 3404 pelo,
296 3321 379 3404 quod
399 3323 543 3384 Picenum
563 3333 678 3402 totum,
697 3321 780 3404 quod
802 3320 922 3400 urbem,
935 3319 1017 3404 quod
1037 3317 1151 3380 ltaliam

189 3439 283 3488 totam
297 3428 414 3489 Caesari
428 3429 604 3514 reliquisset,
615 3451 672 3490 neo
683 3451 721 3490 en
734 3427 898 3489 defenderit
912 3429 995 3510 (epp.
1009 3423 1152 3504 CCCVll,

192 3555 229 3618 ²3
245 3535 365 3619 CCCX,
384 3557 394 3596 ι
413 3549 443 3599 et
455 3538 658 3621 CCCXXXI),
671 3547 705 3598 ut
718 3539 826 3596 rectius
840 3539 979 3619 opinatur
992 3534 1152 3595 Manutius.

151 3644 170 3703 3
192 3643 296 3724 Neque
316 3663 453 3728 magnas,
471 3667 571 3728 neque
591 3643 751 3706 bellicosas.
777 3641 853 3704 con.
872 3640 942 3706 Vid.
963 3663 1009 3724 ep.
1023 3639 1139 3702 CDLll.
1188 3705 1193 3715 ,

150 3751 172 3826 4
192 3749 241 3810 Er
260 3749 416 3826 tyronibus
434 3773 541 3834 magna
555 3775 592 3814 ex
606 3765 691 3837 parte
704 3752 879 3834 cottecum3
893 3771 960 3833 epp.
977 3745 1153 3830 cccxxii,

195 3859 405 3922 cccxxxvi
426 3872 457 3922 et
477 3861 538 3924 ΕΙ).
560 3863 675 3925 Manui.
699 3860 804 3924 bamb.
826 3859 985 3942 utrobique
1009 3879 1103 3942 neque
1115 3889 1157 3902 -·

196 3989 300 4052 neque.
