2932 4954
319 415 388 508 534
685 431 960 482 tunorartouna

357 537 520 623 tripudium
540 535 662 606 divilier,
691 549 723 596 ut
746 537 790 594 nit
809 535 928 617 Appius
949 535 1091 607 Panna,
1116 536 1202 618 qriod
1220 555 1326 610 sonem
1442 543 1444 554 ²

357 661 498 730 utquam
514 645 600 728 pullo
620 641 735 704 excidit
756 643 850 725 puls,
880 640 1103 726 quadrupedive
1133 644 1258 726 aliquid
1288 669 1327 708 ex

355 775 414 815 ore.
437 752 545 814 amhn.
573 771 676 812 omnes
696 751 804 832 aliique
825 748 912 809 codd
941 760 971 811 et
997 749 1065 810 edd.
1087 761 1158 812 vett
1180 755 1327 814 somniis:

356 862 408 922 aed
429 881 489 921 non
509 881 547 921 ex
567 861 686 920 somniis
708 877 860 936 augurum
880 855 1033 940 disciplina
1053 855 1215 920 divinabat

317 971 351 1030 3ι
376 969 476 1047 Quem
497 967 536 1040 ad
556 967 729 1028 Ciceronem
751 967 877 1026 misem
900 963 984 1025 Alter
1004 975 1049 1026 eat
1067 963 1117 1025 hic
1136 964 1263 1028 liberae
1277 969 1324 1030 ille

358 1078 478 1158 dequo
499 1095 566 1159 epp.
590 1073 812 1152 CDLXXVlll,
831 1093 841 1132 r
860 1083 892 1133 et
905 1071 1104 1156 tlotxxtx,
1125 1087 1160 1134 ut
1182 1077 1242 1134 iam
1265 1099 1327 1136 mo-

359 1189 425 1245 nuit
450 1179 611 1244 Manutius}
636 1180 688 1242 ille
709 1191 813 1241 contra
833 1180 991 1241 Caesarem
1016 1179 1163 1241 dicituro
1185 1183 1326 1244 Suetonio

357 1293 413 1374 (in
435 1291 488 1352 lul.
512 1283 573 1370 74)
594 1290 875 1349 criminosissime
904 1287 953 1348 bic
979 1291 1105 1372 scriptus
1126 1301 1192 1367 eat,
1223 1304 1258 1351 ut
1289 1291 1325 1352 de

358 1400 526 1460 calamitate
554 1417 608 1457 sna
638 1407 835 1479 quereretur,
863 1407 893 1457 et
923 1395 1080 1457 Caesarem
1102 1397 1268 1476 laudabat,
1294 1413 1326 1458 ut
1445 1453 1446 1486 ,

359 1511 455 1590 ipsum
475 1506 622 1589 placaret,
637 1509 826 1588 potiusquam
848 1515 1007 1566 accusaret
1029 1503 1127 1586 Aliqui
1148 1505 1221 1567 olim
1238 1527 1327 1590 prae-

334 1655 337 1666 .
358 1616 445 1674 olore
461 1615 513 1673 illo
535 1614 620 1675 libro.

318 1723 356 1780 32
378 1719 492 1803 Aliqui,
515 1731 550 1782 ut
569 1719 746 1802 Mart-Lag.
768 1729 798 1781 et
818 1719 952 1795 Schiita,
967 1717 1147 1780 addiderunt
1165 1721 1324 1803 precibus,

356 1828 440 1911 quod
460 1839 492 1888 et
512 1831 540 1888 in
561 1828 712 1890 veteribus
733 1826 815 1888 libris
835 1826 982 1886 nonnullis
1006 1825 1128 1908 quidem
1155 1831 1325 1911 reperitur,

356 1947 391 1998 ut
412 1939 441 1996 in
462 1935 509 1996 ed.
530 1935 638 2018 Rom.;
666 1935 718 1996 red
738 1937 851 2017 pariter
871 1955 907 1994 ex
929 1931 1101 2014 additione,
1129 1945 1165 1995 nt
1184 1947 1271 2018 patet
1291 1957 1325 1996 ex

357 2039 476 2102 duobus
497 2039 605 2102 Ambb.
635 2064 652 2102 e
678 2041 793 2103 diversa
822 2063 931 2120 manu,
958 2039 1027 2102 licet
1047 2043 1178 2124 antiqua.
1202 2043 1326 2105 Cetero-

356 2151 428 2230 quin
449 2149 533 2209 ituris
560 2145 718 2210 commode
743 2149 904 2232 respondet
928 2149 1138 2223 voluntatibus,
1167 2151 1229 2212 scil.
1253 2152 1326 2212 deai-
1445 2159 1446 2176 *

357 2257 454 2318 dei-iia
478 2255 588 2338 Officio
611 2257 754 2330 inremis,
777 2257 836 2318 soil.
858 2255 948 2318 officii
969 2259 1108 2319 inerim
1128 2262 1283 2340 permotis.

317 2365 356 2424 33
377 2363 438 2425 Pro
459 2374 489 2425 te
508 2364 667 2424 Caesarem
687 2383 805 2446 rogans.

317 2472 357 2548 34
377 2472 482 2534 Cicero
494 2493 540 2536 ne
561 2493 645 2555 mem
665 2472 811 2534 Caecinae
830 2474 945 2532 minuat
968 2473 1072 2534 reniae
1096 2471 1326 2555 impetrandae,

332 2599 417 2640 cnon
435 2579 522 2641 raldo
551 2579 665 2642 laesum
686 2579 725 2640 ab
746 2601 783 2640 eo
804 2580 963 2640 Caesarem
984 2579 1135 2660 ostendit,
1161 2592 1192 2642 et
1219 2582 1326 2642 lauda-

355 2690 466 2747 tionem
496 2689 683 2749 accusatione
713 2691 857 2749 maiorem
889 2691 1071 2772 exspectari:
1105 2699 1269 2772 propterea
1289 2690 1325 2748 dc

333 2791 494 2852 ·laudibua
507 2792 581 2854 dixit
593 2795 782 2866 murrinam,
798 2815 859 2876 quo
872 2795 966 2858 verbo
983 2799 1071 2879 copia
1085 2795 1325 2876 demonstratur-¹,

333 2931 339 2938 ·
356 2897 395 2957 de
408 2898 526 2980 probris
537 2901 635 2960 leviter
644 2902 815 2984 nclrpennu.
825 2899 940 2963 Manat
952 2898 1013 2962 Pol.
1025 2905 1112 2986 prim.
1124 2903 1323 2986 leniteradrp.

357 3006 438 3066 Tum
466 3005 575 3066 Ambo.
603 3007 665 3068 duo
692 3031 760 3068 curn
789 3011 849 3071 Zel.
871 3013 897 3071 Α
919 3012 1061 3092 intelliget.
1082 3011 1152 3072 Mox
1173 3015 1263 3072 homo
1282 3027 1325 3074 est

355 3136 379 3173 v.
399 3131 429 3174 a.
450 3113 577 3196 praetuli
599 3137 667 3175 cum
689 3117 794 3177 Lamb.
817 3117 933 3178 Schiitz.
960 3131 990 3179 et
1016 3115 1123 3178 ambb.
1145 3119 1209 3180 lere
1230 3123 1325 3180 oroni-

355 3218 413 3280 bua
432 3222 511 3302 vulg.
532 3225 620 3284 Ιιονηο
641 3221 923 3287 numeniacum.
946 3223 1032 3286 nmo.
1057 3227 1093 3303 14
1112 3239 1157 3287 er!
1177 3229 1206 3287 h.
1228 3249 1253 3288 o.
1275 3251 1304 3287 α.

315 3324 355 3386 35
375 3327 492 3388 Scilicet
511 3329 641 3392 Etruria.
667 3329 792 3394 conae
839 3410 840 3414 Ἰ

315 3432 356 3494 36
374 3433 508 3514 Poenive,
528 3435 587 3496 hoo
608 3449 666 3516 est,
687 3437 767 3502 fama
788 3439 959 3524 apudpop.
981 3437 1017 3500 il.
1041 3439 1111 3500 Mor
1138 3439 1209 3502 olim
1231 3440 1323 3523 wigo

351 3541 514 3622 prohibere.
536 3543 630 3621 Quod
656 3546 772 3606 eclimus
798 3546 911 3610 habent
937 3547 1045 3608 Ambb.
1067 3567 1192 3629 omnes,
1213 3549 1321 3608 Graer.

354 3647 469 3709 Emeat
491 3649 620 3734 aliique,
641 3653 747 3714 Lomb.
766 3655 918 3738 prohiberi
936 3675 957 3714 a
979 3677 1041 3738 rep.

315 3754 353 3834 3¹7
375 3753 457 3840 lior,
478 3757 561 3839 quod
582 3759 663 3822 dedit
685 3763 743 3822 inm
765 3761 870 3823 Lamb.
885 3763 1000 3823 Erneat
1023 3773 1054 3824 et
1073 3765 1255 3822 recentiores
1275 3783 1320 3822 ce·

354 3864 430 3939 teri,
450 3862 546 3926 inveni
567 3867 597 3926 io
618 3867 737 3930 duobus
757 3867 865 3929 Ambb.
888 3881 919 3931 ct
938 3871 1008 3932 Rea.
1027 3869 1130 3952 Vulgo
1151 3872 1214 3932 sine
1236 3889 1321 3930 sensu

355 3969 452 4030 nollet
643 3964 647 3972 ’
