2932 4954
504 359 541 421 sn
567 357 756 407 arrsroms
1064 338 1135 435 543

172 473 235 546 rat3
256 463 315 522 Dio
336 459 386 520 lib.
408 459 521 540 XLlll,
543 460 591 521 25.
612 460 729 520 Manat.
743 461 813 522 Mss.
828 461 927 543 plures
940 479 1138 548 nosterprae-

165 572 264 652 sectus
285 573 349 630 siae
370 571 564 652 pronomine3
577 567 666 628 emb.
686 567 721 630 15
734 569 782 629 nic
796 570 850 630 erit
868 583 966 644 noster
984 573 1031 632 ln's
1042 574 1139 656 praef

172 680 303 740 moribus
319 679 417 761 probo
437 676 641 737 erector-itatem
661 689 760 738 mam.-
781 687 811 737 et
831 677 953 760 quidem
971 680 1065 762 probo
1083 704 1140 765 pro

169 787 282 869 parebo
304 795 349 846 est
369 795 399 844 et
419 787 450 844 in
472 782 535 844 aliis
556 805 624 844 mss.

8 929 23 962 ·‚;
136 915 173 954 no
193 895 241 956 Ad
261 891 429 954 cenandum
451 903 560 953 tecum.
581 892 703 952 Partem
722 913 779 975 pro
800 903 881 976 toto,
896 905 926 954 et
945 894 1053 978 fungos
1073 899 1139 978 qui-

172 1001 240 1063 dem
261 1021 334 1084 prae
354 999 417 1060 aliis
438 1000 532 1082 epulis
553 1002 651 1082 ponit,
672 1003 743 1082 quia
763 1000 926 1083 fungorum
939 1001 1063 1064 fortasse
1078 1025 1139 1064 ma·

173 1112 251 1170 xime
278 1108 382 1170 avidus
409 1119 494 1186 erat,
520 1120 555 1168 ut
580 1129 646 1191 epp.
671 1109 773 1168 DXlX
795 1118 827 1168 et
844 1109 934 1192 XCI,
960 1109 1008 1171 vel
1027 1110 1138 1193 quibus

172 1219 298 1276 maxime
318 1214 493 1276 abundabat
513 1215 596 1276 Paeti
617 1214 768 1276 convivale
788 1226 974 1297 apparatum.

9 1354 21 1374 .·
136 1343 170 1383 nr
194 1324 296 1401 Quem
317 1333 450 1383 sumtum
476 1324 509 1382 in
535 1321 666 1404 singulos
692 1321 755 1384 dies
781 1321 954 1406 praescribit
974 1299 1138 1384 sumlueria

173 1431 237 1510 lex,
259 1451 327 1492 eum
349 1432 379 1491 in
401 1429 505 1490 decem
535 1429 599 1490 dies
629 1429 813 1491 distribuam.
842 1429 926 1491 Tulit
951 1452 1018 1492 eam
1041 1431 1139 1515 legem

175 1539 286 1600 Caesar
309 1549 377 1622 post
402 1537 516 1599 bellum
544 1537 733 1621 Africanum
760 1559 807 1620 ep.
832 1539 997 1601 DXCVlll.
1022 1539 1139 1602 Manat.

173 1647 240 1708 Alia
261 1657 305 1707 est
325 1648 503 1725 summaria,
523 1667 613 1727 quam
636 1648 770 1707 meminit
789 1649 818 1706 in
840 1667 886 1730 ep.
901 1647 979 1708 xel.
992 1648 1066 1710 Dies
1084 1648 1140 1710 ab·

173 1754 254 1837 leget
274 1752 437 1816 Lambinus
458 1764 580 1814 auctore
593 1753 744 1835 Munatio,
764 1753 848 1838 quod
867 1757 904 1816 sit
924 1761 1036 1816 temere
1057 1777 1142 1839 repe·

172 1866 263 1923 titum
284 1881 302 1921 a
322 1861 493 1943 glossatore.
514 1860 587 1921 Esse
607 1859 728 1942 quidem
749 1871 862 1945 potest,
883 1881 938 1922 nec
958 1860 1089 1947 inficior3
1109 1874 1141 1925 at
1223 1935 1226 1940 ,

8 2043 9 2050 ¹
174 1971 214 2030 sic
237 1969 350 2030 liabent
370 1989 473 2030 omues
494 1989 561 2029 mss.

128 2095 172 2141 na
193 2077 303 2140 Villam
325 2075 500 2138 Seliciauam
528 2097 623 2160 prope
653 2075 827 2160 Neapolim3
859 2097 904 2160 ep.
926 2077 1015 2138 CDL.
1042 2077 1141 2160 Aliqui

172 2186 367 2258 mediatam,
382 2183 466 2266 quod
477 2184 587 2268 probat
600 2182 760 2245 Corradus.
774 2183 838 2246 Sed
849 2197 947 2246 tamen
960 2206 1020 2246 non
1032 2185 1140 2258 abieci,
1235 2249 1238 2256 .

173 2293 233 2354 scil.
255 2291 410 2353 consilium
430 2289 565 2374 ernendi3
579 2311 670 2374 quam
688 2291 845 2352 locutionis
866 2291 993 2352 sormam
1014 2289 1141 2353 vidend
1242 2315 1245 2322 ·

173 2421 220 2484 ep.
243 2399 398 2478 cxcvll,
418 2419 446 2458 o.

540 2615 731 2673 CDLXXlV.

138 2851 149 2890 r
174 2831 318 2892 Solemae
337 2829 463 2892 verbum
485 2841 514 2891 et
534 2831 692 2912 proprium
713 2828 752 2889 de
772 2829 904 2911 oorporis
924 2831 1071 2912 positione
1091 2849 1143 2891 ve·

172 2951 275 3000 terum
297 2937 371 3000 dum
390 2959 511 2998 mensae
532 2937 709 2998 assidebant
730 2935 821 2998 Hom
839 2957 920 2998 nona
931 2983 942 3012 ‚
974 2937 1034 2998 scil.
1057 2940 1143 2998 tertia

171 3059 242 3108 ante
265 3065 405 3106 occasum
418 3047 500 3124 solis,
515 3067 575 3126 qua
589 3046 717 3105 Romani
738 3055 852 3105 veteres
873 3065 980 3104 cenare
1001 3043 1143 3104 solebant.

132 3171 149 3212 2
172 3154 242 3214 Hoc
263 3165 323 3232 est,
336 3152 452 3214 tabellis
465 3153 567 3233 ligneis
587 3153 636 3212 rel
656 3153 773 3214 eboreis
793 3154 899 3212 ceratis
919 3154 981 3235 ipse
1002 3149 1077 3226 stylo
1097 3153 1144 3211 in-

152 3262 290 3323 ·oiderot
316 3261 431 3340 literas,
457 3281 535 3343 quae
563 3259 632 3320 dein
651 3259 691 3320 ab
712 3261 884 3322 amanuensi
905 3257 1144 3318 describerentur

172 3373 202 3428 in
224 3368 331 3430 charte
352 3367 482 3447 mimda,
495 3377 525 3430 et
538 3371 580 3428 sic
593 3367 722 3449 denique
736 3365 898 3427 mittendae
911 3364 950 3426 ad
964 3385 1054 3446 quem
1067 3385 1144 3446 opus

173 3489 262 3538 erat:
295 3498 356 3538 non
383 3477 465 3559 quod
493 3479 547 3560 ipsi
568 3475 694 3536 codicilli
723 3474 771 3536 vel
801 3473 921 3534 tabulae
946 3475 1143 3534 mitterentur.

178 3585 325 3646 Codicilli
336 3605 409 3648 roro
431 3584 608 3647 dicebantur
627 3583 711 3666 quod
730 3583 881 3643 breviores
902 3583 1061 3663 scripturas
1076 3599 1146 3639 oon·

173 3697 310 3756 tinerent
330 3693 500 3767 uredines,
521 3697 581 3756 sive
601 3691 759 3764 caudices,
786 3693 838 3772 qui
863 3701 931 3750 srmt
951 3689 1075 3748 cortices
1096 3707 1145 3748 er·

173 3803 268 3862 boris.
282 3801 456 3864 'Celeritatis
477 3803 571 3883 gutia
592 3799 754 3861 utebantur
774 3807 889 3859 veteres
908 3795 1079 3857 huiusmodi
1100 3805 1147 3854 ta-

172 3895 261 3972 b'ellis
283 3931 340 3992 pro
361 3919 527 3972 atramento
549 3923 579 3970 ct
599 3909 718 3987 charta,
734 3908 893 3988 praecipue
908 3907 938 3964 iu
952 3905 1064 3964 itincre.
1077 3900 1146 3964 Vid.
