2932 4954
492 427 528 474 ιιι
554 423 744 474 arist-oms
1049 401 1120 478 523

117 529 135 588 3
157 528 265 590 Lamb.
286 539 317 589 tu
342 549 389 588 me
415 527 460 588 vel
484 547 562 588 mon.
584 527 670 589 Amb.
692 547 710 586 a
732 527 810 588 mou
830 547 877 588 me
897 547 955 598 m.,·
982 525 1030 588 alii
1050 549 1123 590 vero

157 649 299 720 conaipte
319 636 452 696 multum.

117 750 138 826 4
159 747 221 823 Qui
243 749 274 806 iu
294 746 421 826 patriam
442 763 492 803 me
511 744 624 826 recepi3
645 742 684 804 nd
702 735 752 824 ep.
774 741 1124 826 cccxcv111,1.M01

157 852 264 914 Lamb.
287 851 395 933 aliique
417 851 448 911 in
467 851 602 911 animum
622 849 757 910 iudaicae.

118 960 248 1024 tnmb.
276 958 311 1020 15
332 979 401 1022 cum
421 957 527 1018 Lamb.
549 957 660 1018 iudicio
680 957 820 1018 omniunt.

117 1065 139 1130 6
159 1068 243 1130 Libri
265 1077 334 1128 vett.
355 1065 469 1148 aliquot
487 1065 542 1148 qui
546 1087 559 1138 ‚-
573 1085 669 1148 aeque
688 1075 787 1146 rectc3
807 1083 878 1126 nam
898 1062 936 1124 ad
957 1064 1055 1124 locum
1074 1083 1124 1124 re·

157 1177 229 1237 femi
250 1183 356 1258 potest

120 1305 138 1365 7
161 1283 280 1344 Scilicet
299 1282 417 1342 Caesar.
642 1363 647 1370 .

118 1389 139 1452 8
160 1391 211 1451 Sic
230 1388 315 1452 multi
336 1387 444 1450 Ambb.
466 1409 536 1448 cum
556 1387 662 1448 Lamb.
683 1386 804 1470 aliisque
825 1397 895 1448 vett
910 1387 1011 1468 Vulgo
1031 1385 1125 1468 digni·

159 1511 252 1568 tatere
274 1495 434 1558 insolenter
453 1505 484 1556 et
503 1495 581 1556 male
601 1496 782 1579 respondem
802 1509 841 1578 τῷ
865 1495 1057 1556 nobilitatem.

118 1627 141 1688 9
159 1603 267 1666 Lamb.
290 1614 321 1664 ct
339 1607 515 1666 vetustiores
535 1603 604 1665 edd.
625 1603 684 1665 hoc
702 1625 764 1665 non
783 1603 912 1686 liabent,
926 1601 1057 1684 legentes
1076 1623 1125 1663 me

160 1725 242 1773 titum
253 1710 326 1793 fhre
345 1733 370 1770 c.
392 1725 410 1772 t.

126 1841 162 1880 ro
183 1821 215 1878 Si
237 1821 322 1878 amici
344 1829 374 1879 et
394 1821 548 1878 necessarii
569 1821 612 1880 tui
633 1838 693 1878 non
715 1817 859 1880 deliciunt.
887 1817 928 1878 Et
947 1837 1052 1878 revera
1072 1816 1126 1877 de-

160 1926 300 1987 relictum
313 1947 375 1988 esse
389 1925 428 1986 ab
442 1925 506 2010 illis,
520 1938 644 2010 apparet
658 1947 696 1986 ex
709 1946 755 2009 ep.
767 1926 943 1987 CDLXXX:
956 1924 995 1985 In
1008 1945 1126 1986 summ

158 2035 312 2117 pataviae
335 2033 517 2108 anticorum,
546 2035 783 2118 propinquorum
813 2053 851 2094 ac
871 2033 1103 2094 necessarimm
1115 2075 1125 2105 ,

161 2143 217 2224 qui
236 2163 300 2202 vem
319 2161 404 2204 meae
429 2143 520 2204 sabai
539 2141 696 2224 soverent,
724 2155 751 2204 te
770 2140 997 2225 cupidissimum
1016 2141 1076 2201 nui
1086 2174 1126 2184 -

161 2269 292 2331 cognovi.

538 2463 713 2526 covall.

126 2699 137 2736 ι
163 2678 241 2754 Quis
261 2677 351 2738 luerit
370 2676 420 2737 hic
439 2675 559 2756 Gallus,
579 2696 640 2738 non
660 2688 741 2738 cene
759 2687 882 2738 constat.
897 2677 946 2738 Sic
960 2674 1130 2762 simpliciter

164 2807 183 2844 a
204 2785 335 2846 Graevio
356 2783 525 2846 inscribitur
545 2795 579 2846 ut
599 2807 702 2847 omnes
722 2788 813 2846 nostri
840 2795 959 2869 praeter
979 2807 1074 2846 unum
1100 2809 1130 2870 7,

163 2894 216 2973 qm
237 2903 272 2953 nt
291 2893 383 2974 vulgo
403 2891 502 2954 Fabio
525 2893 627 2954 Gallo.
650 2893 709 2954 Sed
730 2894 771 2955 Μ.
788 2895 822 2954 F.
837 2893 958 2980 Gallus,
979 2893 1018 2956 ad
1039 2917 1129 2978 quem

165 3009 235 3060 sunt
256 3021 322 3082 epp.
342 2999 515 3064 DCXXXV
541 3011 572 3061 et
594 2985 799 3085 Dexxxnl,
829 3023 892 3064 esse
921 3023 982 3064 non
1011 3015 1130 3087 potest3

165 3129 237 3167 nam
259 3129 294 3168 ea
316 3106 354 3168 de
374 3107 527 3170 tribunatu
548 3108 657 3192 plebis,
671 3109 709 3172 de
730 3111 895 3194 impudenti
916 3112 1070 3192 rogatione
1090 3111 1129 3170 illi

166 3235 228 3276 aon
249 3217 436 3276 conveniunt.
454 3216 606 3277 Manutius
627 3220 767 3300 opinatur
786 3239 850 3278 esse
870 3219 904 3278 P.
919 3217 1054 3278 Sextium
1074 3237 1132 3300 pro

165 3343 228 3404 quo
249 3333 345 3383 exstat
365 3327 461 3384 oratio
481 3323 564 3406 (Pro
584 3323 645 3386 Mil.
667 3325 702 3384 31
717 3321 738 3406 l.
758 3323 833 3386 Esse
853 3325 890 3385 T.
912 3325 1038 3385 Fadium
1061 3325 1133 3386 Gal·

168 3430 231 3490 lum
253 3431 402 3491 Ciceronis
428 3431 554 3493 consulis
577 3443 766 3514 quaestorem
794 3431 897 3514 (Orat.
921 3443 989 3514 post
1012 3431 1075 3492 red.
1102 3435 1133 3494 in

169 3537 297 3617 Sensit),
317 3548 348 3598 ct
373 3537 527 3600 tribunum
547 3541 588 3623 pl.
610 3561 657 3600 an.
678 3539 817 3602 DCXCV
837 3537 1083 3602 officiosissimum
1103 3540 1134 3600 in

168 3645 343 3704 Ciceronem
369 3644 441 3728 (ep.
468 3645 592 3728 LXIX)
618 3647 770 3708 contendit
795 3646 918 3727 Pighius
946 3651 957 3728 (
969 3667 1015 3708 an.
1045 3647 1132 3710 Rom.

168 3751 307 3814 DCXCV
323 3751 342 3834 ).
363 3752 427 3814 Etsi
449 3756 528 3834 genti
548 3747 661 3822 Fadiae
681 3775 847 3836 cognomen
872 3753 946 3816 illud
965 3755 1054 3817 fuisse
1073 3775 1135 3818 non

167 3858 292 3942 probat3
314 3871 414 3920 cetera
434 3871 533 3922 tamen
553 3860 649 3923 Fadio
671 3866 866 3946 couvi-tuni,
887 3862 940 3924 sed
960 3865 1080 3926 minime
1100 3865 1134 3925 P.
1175 3881 1180 3893 ·

169 3966 285 4048 Sextio,
307 3969 360 4050 qui
380 3979 521 4050 quaestor
539 3970 662 4053 quidem
682 3971 740 4033 luit
760 3971 904 4035 Cicerone
924 3973 1062 4057 consule,
1082 3973 1135 4036 sed
