2910 4962
498 427 509 510 Ι·
526 426 562 470 ιιι
588 423 776 470 nrrsroms

596 631 701 691 cmv.

148 872 160 908 t
186 845 438 910 veniintutiam.
453 845 1109 930 unae.sreeppcccxcveeccxvr,
1124 873 1146 912 t.

143 978 163 1016 n
186 956 307 1034 Quibus
326 956 368 1016 Μ.
381 957 526 1016 Antonius
537 977 576 1015 ex
587 955 638 1015 iiio
651 953 763 1032 edicto,
783 975 845 1038 quo
858 977 962 1016 omnes
975 956 1150 1040 Pompeiani

185 1064 271 1124 ltalia
290 1062 544 1146 prohibebantur,
564 1085 613 1125 me
633 1076 664 1126 et
683 1064 819 1126 Laelium
831 1068 1006 1128 nominatim
1020 1070 1150 1150 excopit3

186 1193 232 1255 ep.
255 1172 325 1253 CI),
350 1193 374 1231 ι.
747 1253 751 1260 ι

144 1281 163 1340 3
186 1281 268 1358 Quia
288 1282 311 1339 si
333 1279 416 1340 Italia
436 1280 582 1341 excedere
601 1301 680 1342 nuuc
695 1283 837 1363 temporis
849 1280 1001 1364 voluisset,
1015 1283 1093 1342 visus
1108 1303 1151 1342 es-

185 1399 229 1448 set
249 1388 383 1448 Caesaris
402 1385 597 1466 beneficium,
618 1399 708 1472 utque
729 1391 827 1470 ipsum
853 1388 1010 1450 Caesarem
1031 1410 1151 1472 sperne-
1202 1409 1205 1416 ‘

187 1517 235 1579 re,
256 1495 339 1578 qnod
361 1507 425 1556 erat
445 1495 644 1580 periculosum
663 1498 758 1556 nimis.

140 1605 164 1681 4
184 1605 298 1686 Nempe
318 1603 348 1664 id
368 1603 493 1686 fecerat,
520 1624 558 1664 ne
578 1603 689 1664 tribuni
715 1606 802 1681 nori,
829 1603 942 1686 aliquid
962 1607 993 1666 iu
1013 1605 1148 1668 absentes

184 1712 357 1790 stertendo,
377 1733 447 1773 eum
469 1711 661 1774 excluderent
680 1711 772 1772 ltalia.
792 1711 905 1774 Ducat.

142 1821 164 1884 5
185 1821 347 1882 Antonium
374 1841 443 1880 cum
469 1820 634 1903 Mongaltio
660 1831 691 1881 et
717 1819 855 1882 Schiitzio
881 1819 1037 1902 significari
1065 1833 1148 1905 puto.

184 1932 330 1990 Antonius
350 1939 450 1990 autem
471 1929 593 1990 viduam
614 1928 710 1989 Clodii
730 1948 856 1990 uxorem
879 1929 972 1990 duxit
999 1929 1149 1992 Corradus

186 2038 344 2098 Caesarem
364 2035 505 2116 intelligit

141 2145 165 2208 6
185 2144 234 2206 th
255 2145 384 2206 Antonio
403 2145 524 2204 nomine
545 2143 678 2205 caeseris
698 2143 773 2228 lata,
794 2157 825 2206 et
846 2145 893 2206 iila
914 2147 976 2229 ipsa
991 2167 1051 2229 qua
1063 2146 1151 2208 Pom·

187 2254 287 2338 peieni
307 2273 425 2332 omnes,
446 2254 575 2335 exceptis
597 2253 740 2314 Cicerone
761 2263 791 2313 et
810 2251 929 2336 Laelio,
948 2256 979 2314 in
992 2253 1075 2314 Italic
1088 2273 1151 2314 esse

186 2360 433 2444 prohibebantur.
456 2359 520 2420 Hac
540 2361 629 2420 ctiam
650 2359 716 2440 lege
730 2380 761 2420 se
775 2358 847 2420 dicit
860 2360 1041 2436 confectum,
1055 2361 1152 2442 quod,

184 2480 222 2531 ut
242 2471 284 2529 ait
303 2469 499 2551 Mongaltius‚
523 2471 586 2551 ipsa
614 2469 748 2550 exceptio
775 2465 974 2552 significabat,
995 2467 1152 2530 Caesarem

185 2577 374 2659 Pompeianis
394 2597 457 2637 esse
477 2579 602 2655 numm,
623 2583 653 2636 et
673 2575 808 2636 futurum
836 2573 1012 2658 aliquando,
1032 2585 1080 2654 ut,
1101 2597 1153 2636 cc·

184 2687 257 2746 teris
277 2687 400 2746 inimicis
420 2686 479 2744 suis
500 2681 639 2764 sublatis,
654 2684 749 2765 ipsum
765 2682 939 2742 Ciceronem
953 2683 1080 2766 puniret.
1094 2681 1152 2743 Er·

184 2795 298 2854 nestins
318 2791 457 2854 censebat
477 2767 687 2873 corrigendam
708 2791 792 2852 cicius
812 2791 875 2852 iam
895 2791 972 2874 lege,
999 2801 1034 2852 ut
1058 2802 1102 2854 est
1122 2793 1151 2854 in

183 2899 233 2961 ed.
255 2901 342 2962 Rom.

138 3031 162 3090 7
184 3007 244 3068 Ed
264 3009 353 3068 Rom.
375 3007 465 3070 Herc.
485 3009 562 3070 vict.
584 2987 671 3070 Crut.
691 3027 794 3072 corum
815 3010 889 3070 Mox
902 3007 950 3070 alii
964 3027 1033 3070 meo
1051 3009 1151 3094 culpa.

139 3113 232 3177 Blta
259 3119 371 3176 conexi
398 3115 553 3195 vulgatum
580 3117 723 3178 scireram
743 3115 838 3200 (quid
845 3114 1006 3198 facerem?
1013 3115 1024 3198 )
1047 3137 1152 3200 coepe·

183 3243 319 3307 iramque.
341 3222 451 3284 Sensus
472 3234 529 3285 est:
551 3225 693 3285 sciveram
707 3223 867 3307 (ascisco,
882 3235 916 3285 ut
930 3225 1075 3286 Graevius
1088 3243 1153 3284 rno-

183 3329 284 3414 nuit)‚
304 3331 414 3392 scilicet
434 3329 626 3392 decreveram
645 3330 886 3416 quadriennem,
907 3351 1015 3416 nempe
1029 3331 1058 3390 in
1071 3329 1154 3392 tutis

188 3457 328 3518 manere,
349 3449 379 3500 et
398 3437 479 3500 bello
491 3437 639 3500 abstinere
652 3440 871 3501 constitueram.
894 3439 1011 3502 sctum.
1032 3437 1156 3500 Lambi-

184 3567 242 3606 nus
262 3557 294 3607 et
312 3546 418 3608 Bosius
436 3547 605 3630 qut'evemm
626 3545 718 3630 (quid
727 3543 922 3630 fhcemm?)3
937 3545 1020 3628 quod
1034 3555 1064 3606 et
1077 3543 1155 3606 oliv.

69 3717 74 3728 ,
186 3655 316 3737 recepit,
336 3653 390 3714 sed
410 3664 515 3715 contra
534 3652 626 3714 fidem
647 3665 802 3716 mstorum.
823 3653 879 3718 Alii
897 3655 1042 3724 siveramr
1065 3650 1155 3734 aliqui

186 3762 274 3822 etiam
295 3761 415 3822 iveram.

141 3865 405 3950 9Proficisceudo
426 3867 466 3928 ad
485 3868 672 3952 Pompeium.
693 3871 806 3932 finecs.
827 3869 906 3932 Meis
926 3877 1033 3952 putent
1054 3865 1102 3930 alin
1117 3867 1153 3928 si·

187 3972 318 4053 guiticsri
338 3977 511 4058 optimates,
525 3985 699 4060 ceterosque
714 3979 825 4038 amicos
837 3987 867 4038 et
880 3975 1066 4038 necensrmr.
1081 3973 1150 4034 Μιι.
