2932 4954
418 463 419 466 ’
511 473 549 521 nr
573 467 760 522 notemus
1062 449 1134 552 47¹3

179 584 254 660 quot
273 584 342 636 vett.
363 581 437 636 teste
457 573 589 638 Victorio
609 573 645 635 12.
664 576 748 636 navis
767 571 869 635 delata
882 573 914 634 in
930 571 988 656 V.3
1008 574 1135 658 ideoque

178 686 203 745 is
222 681 349 768 putabet
368 679 523 764 significari
542 702 648 743 novem
668 681 703 742 L.
723 681 867 764 Scipionis
890 681 981 742 Gnaei
999 681 1135 766 PompeIi

179 793 290 874 soceri,
309 811 387 872 quae
407 789 477 852 illuc
497 789 621 852 adverso
641 799 729 852 vento
750 788 874 873 adpulsa
888 791 919 850 in
931 788 1062 852 hostium
1075 811 1137 850 mn·

179 919 236 960 nus
256 897 384 960 devenit·

138 1005 160 1066 5
180 999 234 1066 Cri.
255 1006 432 1088 Pompeium
452 1003 579 1066 aiterum
599 1005 734 1088 Pompeii
753 1006 855 1088 Magni
867 1003 969 1066 filium.
990 1005 1063 1068 Post
1074 1005 1137 1066 bel-

180 1112 243 1175 ium
267 1113 470 1174 Phoroneum
490 1113 660 1196 Hispaniam
681 1113 847 1195 contendit,
867 1113 935 1175 inde
948 1113 1078 1174 Atticam
1097 1113 1138 1174 ed

180 1221 357 1304 Scipionem.
1155 1259 1156 1264 κ

138 1328 236 1391 6Δ1ἰί
256 1329 413 1391 earm
434 1328 481 1390 vel
501 1327 639 1392 Patietur.
659 1329 729 1391 Mox
747 1349 804 1412 pro
823 1329 932 1389 mutus
958 1327 1006 1390 elii
1030 1328 1136 1388 mtto.

181 1437 260 1496 infin
279 1457 352 1497 vero
371 1436 462 1496 locuti
479 1457 589 1498 somus.

139 1565 158 1626 7
179 1545 215 1605 A„
236 1544 312 1605 Hirt
332 1545 437 1604 Pensa.
458 1543 490 1604 Si
510 1561 583 1627 ergo
603 1541 680 1606 ludis
700 1545 897 1608 Praenestinis
918 1545 1065 1628 interfuit,
1077 1547 1137 1606 iarn

179 1653 211 1712 in
230 1651 329 1712 Africa
348 1671 409 1712 non
427 1651 498 1735 fuit,
519 1663 549 1714 et
568 1673 615 1714 res
635 1651 786 1714 Africanos
802 1673 840 1715 ex
853 1653 981 1714 eliorum
993 1651 1054 1714 fide
1067 1673 1137 1713 nar·
1261 1698 1264 1705 .

179 1761 264 1820 revit.
284 1758 323 1818 Et
342 1760 392 1820 isti
409 1780 527 1842 omncs,
546 1759 605 1820 scii
626 1759 803 1824 Caesariani.

137 1863 160 1928 Β
180 1865 247 1926 Hoc
271 1851 324 1926 est¹
341 1877 507 1948 pugnatum
533 1869 564 1926 in
583 1866 682 1928 Africa
707 1867 776 1951 (ep.
803 1867 894 1950 CDV,
915 1869 969 1948 α),
995 1879 1026 1930 et
1050 1867 1139 1928 Pom·

180 1976 277 2056 peioni
298 1972 337 2034 nd
357 1976 586 2036 internecionem
606 1973 703 2036 deleti.

136 2103 160 2164 9
181 2080 265 2159 Quid
284 2083 361 2142 enirn
383 2101 472 2142 curae
491 2080 586 2142 Boibo
606 2093 650 2142 est
670 2081 708 2144 de
728 2081 899 2165 republica?
921 2085 973 2165 qui
994 2095 1074 2144 certe
1094 2085 1139 2144 ri-

179 2200 241 2249 tem
262 2189 322 2267 agit
342 2187 503 2248 iucrmdcrn
523 2187 597 2250 dum
609 2209 670 2265 non
682 2201 777 2268 reete,
796 2187 850 2252 sed
870 2190 1036 2274 voluptarie
1049 2211 1139 2272 quae

180 2297 227 2354 rit.
247 2293 304 2354 Alii
322 2313 399 2356 mox
417 2296 446 2354 si
463 2299 583 2378 preceris
603 2297 750 2358 hominem
770 2298 798 2358 h.
819 2319 848 2358 n.
868 2319 892 2359 r.
915 2308 970 2359 etc.

143 2424 180 2463 ro
201 2401 334 2463 Corredo
354 2401 472 2464 videtur
492 2423 526 2464 ex
545 2404 633 2464 Attici
652 2425 780 2487 persone
793 2402 892 2486 loqui,
906 2407 990 2485 quasi
1004 2403 1138 2465 Ciceroni

179 2508 313 2572 obiiciat:
335 2511 386 2570 Tu
405 2513 456 2592 qui
475 2509 603 2571 Balbum
622 2531 758 2590 acescens,
778 2514 889 2571 interea
906 2509 978 2572 nihiI
993 2513 1062 2592 agis.
1082 2511 1140 2570 Ex·

178 2615 348 2698 plicondunt
372 2619 462 2699 igitur
488 2615 541 2678 tibi
562 2629 616 2678 etc.
635 2618 692 2678 Alii
718 2621 844 2701 interpp.
869 2617 950 2678 hunc
976 2617 1084 2678 iocum'
1101 2617 1139 2679 de

179 2723 302 2806 Epicuri
323 2721 457 2784 doctrine
480 2723 660 2804 intelligunt,
686 2727 770 2806 quasi
796 2725 901 2786 Cicero
928 2724 1022 2808 dicet,
1042 2725 1139 2786 Attico

181 2833 241 2890 iam
255 2829 458 2913 explicandam
474 2851 536 2892 esse
549 2834 764 2916 quaestionem,
778 2853 966 2907 somniumne
978 2832 1093 2894 bonum
1107 2836 1139 2893 in

180 2940 306 3015 virtute,
326 2957 365 2998 cn
384 2940 414 2998 in
434 2937 585 3020 voluptate
604 2939 777 3021 ponendum
799 2942 843 3001 sit.
865 2939 922 3000 Cui
935 2951 1035 3001 temen
1048 2943 1140 3002 inter-

181 3046 337 3128 pretationi
357 3063 463 3127 perum
484 3049 662 3107 conveniunt
681 3051 750 3109 iste:
771 3051 799 3108 si
817 3048 894 3132 quid
910 3061 1030 3110 acorna
1048 3069 1089 3108 es.

144 3171 176 3210 ιι
202 3149 234 3210 Si
254 3173 325 3212 vere
345 3163 389 3212 est
408 3151 510 3236 lectio,
530 3155 649 3215 videtur
668 3153 832 3236 significare
852 3155 1001 3217 Ciceronis
1029 3153 1066 3216 de
1086 3153 1140 3215 At·

180 3261 242 3318 tico
262 3259 420 3338 iudicium,
439 3281 547 3343 nupe
567 3260 649 3343 quod
669 3272 783 3322 amaret
801 3261 1002 3344 voluptatibus
1016 3271 1048 3322 et
1060 3280 1141 3320 com·

181 3365 279 3426 modis
300 3366 366 3426 frui.
387 3367 481 3430 Vetus
500 3367 592 3451 liber,
612 3379 684 3430 teste
704 3369 855 3446 Munatio,
865 3367 1011 3449 firmmm

143 3492 179 3532 ια
201 3472 289 3532 Diem
310 3473 434 3557 scilicet,
454 3495 515 3556 quo
536 3495 623 3535 suurn
643 3475 753 3536 tibrum
777 3475 863 3536 nobie
889 3475 941 3537 det
964 3473 1140 3558 legendum,

182 3589 216 3638 ui
237 3599 285 3663 cp.
307 3579 436 3642 CDLIII.
456 3581 504 3642 De
525 3581 713 3658 Tyrannione
734 3581 791 3644 vid.
812 3603 859 3666 ep.
878 3583 1018 3644 XXXIII.
