2880 4956
320 453 363 502 10
605 446 776 499 errarunt
800 449 1018 502 ccctmvrr.
1095 453 1125 504 ι.
1143 457 1177 504 ιι.
1194 457 1224 506 c.
1241 459 1289 522 ‚os

235 609 241 622 .
314 553 462 628 obsecro
487 565 539 652 te,
555 549 629 625 noli
650 553 733 652 pati.
751 553 794 627 In
811 578 900 654 quos
917 555 1012 628 enim
1029 569 1165 632 sumtus
1182 558 1317 636 abeunt

311 680 444 754 iunctus
469 676 715 780 praediorum?
738 680 815 752 Iam
839 679 897 754 illa
922 681 998 755 H·S
1023 707 1086 786 nx,
1111 709 1201 786 quae
1225 689 1310 762 scri·

311 801 387 912 bis,
406 833 511 882 nemo
535 805 621 879 mihi
645 829 813 908 umquam
838 805 946 911 dixit,
970 833 1013 882 ex
1039 807 1123 884 dote
1148 837 1223 886 esse
1250 811 1312 887 de·

312 947 423 1012 tracta
435 938 460 1007 ⁶.
485 931 686 1036 Numquam
710 931 806 1006 enim
829 959 942 1008 essem
966 961 1100 1038 passus.
1128 937 1199 1012 Sed
1223 937 1311 1016 haee

309 1063 454 1138 minima
478 1073 532 1134 est
556 1059 665 1134 exiis
689 1059 847 1160 irriuriis,
883 1087 970 1163 quas
996 1066 1136 1166 accepi,
1168 1064 1213 1140 de
1238 1069 1312 1170 qui·

308 1187 375 1262 hus
400 1186 447 1262 ad
470 1199 506 1261 te
531 1183 654 1260 dolore
679 1197 717 1260 et
740 1183 904 1286 lacrymis
928 1187 1080 1264 seribere
1110 1190 1309 1291 prohibeor.

306 1317 365 1389 Ex
388 1339 430 1388 ea
454 1312 626 1414 pecunia,
650 1333 740 1414 quiae
763 1311 831 1386 snit
853 1312 891 1385 in
916 1313 1020 1414 Asia,
1045 1329 1181 1416 partem
1206 1318 1309 1393 dimi·

307 1441 402 1516 diam
426 1439 498 1514 lere
522 1439 627 1536 exegi.
652 1437 780 1511 Tutius
816 1437 1004 1514 videbatur
1039 1440 1123 1518 fore
1146 1443 1218 1544 ibi,
1246 1443 1308 1519 ubi

306 1582 361 1642 est
377 1587 403 1668 r,
428 1591 534 1670 cpiam
559 1561 656 1665 apud
679 1561 896 1664 publicanos.
925 1566 1035 1661 Quod
1058 1595 1115 1643 me
1139 1569 1307 1670 hortaris,

306 1709 347 1768 ut
370 1697 473 1768 firmo
497 1692 564 1766 sim
589 1691 727 1765 animo:
752 1689 878 1764 vellem
904 1718 1027 1794 posses
1052 1693 1185 1798 aliquid
1209 1697 1308 1774 aller

305 1847 366 1921 re,
390 1817 619 1923 quamobrem
643 1814 683 1889 id
706 1815 820 1890 lacere
845 1843 995 1919 possem.
1029 1821 1099 1896 Sed
1123 1823 1154 1896 si
1178 1822 1225 1896 ad
1249 1850 1307 1900 ee·

306 1961 397 2022 teras
422 1945 579 2020 miserias
605 1943 751 2018 arceant
775 1944 882 2020 etiam
907 1944 962 2045 id,
979 1945 1077 2050 quud
1093 1949 1181 2024 milri
1196 1949 1308 2052 Ciny.

304 2075 428 2175 sippus
445 2071 535 2146 dixit
550 2069 666 2172 parari
683 2078 740 2159 (tu
757 2069 846 2144 nihil
862 2072 1083 2172 significasti)
1100 2074 1146 2148 de
1162 2075 1306 2179 domn⁸3

304 2201 382 2302 quis
405 2224 463 2273 me
495 2197 653 2271 miserior
685 2222 757 2272 uno
789 2197 861 2271 iam
892 2198 983 2274 fuiti
1015 2201 1109 2300 Oro,
1135 2199 1304 2299 obsecro,

302 2327 460 2426 ignosce:
485 2349 560 2398 non
586 2347 732 2424 possum
748 2322 850 2425 plura
867 2325 1027 2400 scribere.
1045 2327 1189 2420 Quanto
1206 2351 1304 2402 moe·

302 2479 381 2530 rore
405 2477 545 2552 urgear,
569 2450 730 2552 prolecto
766 2450 887 2526 vides:
918 2451 1016 2555 quod
1040 2453 1070 2528 si
1093 2451 1180 2526 mihi
1205 2477 1303 2528 com-

300 2605 407 2655 mune
433 2605 514 2653 cum
539 2579 662 2652 ceteris
688 2591 800 2678 esset,
835 2580 896 2681 qui
927 2579 1094 2654 videntur
1116 2581 1154 2653 in
1178 2578 1302 2655 endem

302 2731 405 2781 causa
431 2729 523 2803 esse,
547 2703 662 2777 minor
686 2729 766 2777 mea
792 2703 896 2805 culpa
920 2705 1113 2804 videretur,
1130 2719 1166 2779 et
1188 2729 1230 2779 eo
1247 2719 1301 2781 to-

299 2829 476 2907 lerabilior
500 2841 602 2902 esset.
627 2827 731 2901 Nunc
755 2827 845 2902 nihil
869 2843 935 2930 est,
959 2830 1057 2932 quod
1082 2831 1300 2932 consoletur,

299 2958 366 3033 nisi
394 2957 512 3061 quida
537 2968 576 3028 tu
601 2954 731 3055 efficis,
763 2956 794 3029 si
824 2955 933 3032 modo
959 2957 1065 3032 etiam
1088 2983 1183 3032 nune
1208 2959 1300 3034 effici

300 3097 433 3188 potest,
458 3096 568 3158 utne
593 3107 662 3182 qua
687 3079 853 3182 singulari
871 3097 900 3133 ¹⁰
926 3084 1058 3160 afficiar
1081 3084 1297 3184 calamitate,

271 3293 273 3298 ,
298 3227 334 3286 et
357 3211 491 3285 iniuria.
515 3207 666 3282 Tardius
692 3208 740 3282 ad
756 3223 791 3282 te
808 3210 925 3284 remisi
946 3210 1183 3313 tabellarium,
1199 3213 1298 3314 quod

295 3351 453 3440 potestas
477 3334 641 3408 mittendi
664 3359 739 3408 ιιοιι
763 3335 836 3408 fuit
869 3338 902 3412 A
929 3339 998 3412 tuis
1017 3355 1045 3391 ¹¹
1072 3352 1109 3412 et
1133 3365 1296 3414 nummo-

290 3493 369 3538 rum
394 3463 514 3563 accepi
531 3459 607 3534 H·S
624 3485 709 3560 nxx,
726 3473 763 3534 et
780 3463 1187 3567 vestimentorum'quod
1204 3493 1295 3569 opus

290 3590 363 3662 luit
388 3588 526 3684 Quibus
551 3587 613 3660 tibi
642 3586 839 3688 videbitur,
863 3588 969 3664 velim
995 3590 1056 3664 des
1076 3589 1194 3667 literas
1211 3619 1294 3670 meo

289 3716 440 3790 nomine.
464 3715 566 3792 Nosti
591 3740 689 3788 meos
715 3713 909 3790 familiares.
937 3715 1084 3816 Signum
1099 3719 1295 3822 requirent,

247 3883 250 3896 ·
292 3857 533 3942 autmanum:
560 3841 655 3916 dices
671 3858 712 3941 ¹²,
727 3867 784 3916 me
802 3857 949 3944 pmpter
974 3843 1151 3922 custodias
1176 3871 1217 3922 en
1243 3849 1293 3922 vi·

294 3985 394 4043 tasse.
