2932 4954
337 419 411 521 474
702 441 970 496 annorsrronrs

757 652 917 716 CDXLIII.

340 890 352 928 ι
377 869 481 947 Quum
501 865 605 928 Cicero
631 867 672 929 ad
690 867 857 930 Varronem
883 871 979 929 virum
1006 867 1237 934 eruditissimum
1263 879 1329 937 scri-

374 975 442 1055 bat,
462 975 541 1038 iilam
560 972 654 1058 tangit
672 979 875 1058 quaestionem
899 975 1072 1062 obscuram,
1096 999 1187 1061 qnam
1209 979 1272 1054 περὶ
1287 977 1327 1035 ts·

373 1099 461 1152 νάτων
480 1083 540 1169 (de
562 1083 770 1167 possibilibus)
795 1085 958 1168 appellant,
985 1085 1023 1146 dc
1049 1107 1110 1168 qua
1134 1109 1244 1170 magna
1269 1104 1328 1152 erat

373 1197 450 1255 inter
468 1193 658 1277 philosophos
679 1197 847 1276 contentio,
873 1196 1032 1276 praecipue
1059 1197 1137 1256 inter
1160 1196 1326 1260 Diodorum

368 1302 566 1364 Dialecticum
586 1312 617 1363 et
636 1301 834 1386 Chrysippum
854 1301 996 1364 Stoicum.
1017 1303 1119 1381 Quam
1136 1316 1238 1367 autem
1251 1310 1326 1368 vanc

371 1411 446 1474 baec
466 1410 507 1470 illi
526 1413 706 1492 acciperent,
727 1409 855 1469 ostendit
874 1407 979 1470 Cicero
999 1412 1030 1471 in
1048 1409 1126 1473 libro
1146 1412 1185 1474 de
1204 1413 1281 1475 Fato
1295 1437 1324 1496 7:

369 1515 413 1578 At
431 1519 502 1590 boc,
527 1517 693 1601 Chrysippo
713 1529 767 1580 etc.
792 1515 903 1578 Victor.
924 1517 1066 1582 Ceterum
1078 1517 1152 1580 baec
1165 1522 1289 1603 epistola
1299 1525 1326 1584 iu

369 1625 459 1687 endu
473 1628 578 1688 nostris
596 1645 630 1686 ra
645 1637 676 1687 ct
694 1625 728 1686 13
745 1636 775 1686 ct
794 1623 922 1689 aliorum
941 1624 1120 1708 quibrndm
1140 1629 1327 1710 coniungitur

372 1755 442 1796 curn
462 1733 654 1794 CDXXXIX„

331 1860 350 1900 α
370 1841 545 1902 Nostrorum
565 1841 665 1924 plures
686 1861 755 1902 cum
776 1840 823 1901 ed.
849 1838 929 1902 Med.
950 1841 979 1900 si
996 1853 1095 1902 aarum
1120 1857 1250 1904 nonest
1275 1856 1325 1908 τῶν

370 1945 511 2004 ἀδυνάτων
529 1962 555 2008 tc
575 1949 685 2029 verum,
706 1947 755 2009 alii
766 1950 814 2010 sair
825 1963 924 2011 antem
940 1969 1016 2030 non,
1035 1959 1090 2014 τῶν
1106 1952 1151 2013 cti.
1170 1963 1199 2012 tc
1218 1970 1261 2036 v.;
1281 1952 1326 2014 aiii

369 2069 396 2117 te
416 2070 571 2117 vcnmmm.

330 2165 348 2225 3
369 2163 513 2225 Iudicium
533 2163 697 2224 secundum
723 2161 879 2246 Chrysippi
899 2165 1081 2226 sensuum
1107 2165 1206 2226 Nostri
1226 2185 1325 2228 omnes

368 2273 477 2356 aliique
490 2275 557 2332 msti
577 2283 608 2333 ct
628 2270 696 2332 edu
708 2281 778 2332 vett
792 2270 962 2346 χρυσιπιὶα
976 2273 1063 2358 haer,
1076 2271 1124 2334 vel
1136 2273 1324 2358 chrysippi&

367 2382 441 2443 hacc
461 2392 516 2442 etc.

325 2487 348 2566 4
368 2490 484 2550 Stoicus
497 2485 709 2549 cruditissimus
723 2488 754 2546 in
767 2485 858 2547 domo
873 2486 1035 2566 Ciceronis,
1049 2487 1161 2569 dequo
1170 2509 1221 2570 cp.
1233 2488 1322 2550 DLV.

365 2597 437 2658 Ideo
448 2617 517 2658 eum
529 2609 659 2656 nocuum
671 2593 806 2676 appellat.
821 2595 917 2654 Nostri
929 2613 1046 2676 ornnes,
1057 2605 1178 2677 praeter
1191 2617 1285 2658 unum
1296 2619 1323 2680 7,

365 2725 435 2763 cum
454 2703 560 2763 Lamb.
581 2714 612 2763 et
632 2701 732 2762 Gotoi.
753 2700 923 2783 modona,
943 2701 997 2762 sed
1015 2702 1101 2762 male.
1121 2703 1275 2766 Diodorus
1287 2725 1323 2766 cx

364 2809 458 2870 allatis
479 2831 547 2870 curn
569 2809 734 2892 Chrysippo
754 2808 906 2870 sentiebat
927 2808 1024 2870 Porro
1037 2829 1097 2870 non
1109 2813 1322 2894 concoquebat,

364 2916 440 2976 idest
451 2937 511 2977 non
526 2915 693 2999 digerebat,
713 2936 773 2976 non
794 2913 948 2998 probabat
971 2915 1139 2978 Translatio
1152 2936 1170 2975 a
1184 2916 1270 2998 cibis,
1283 2919 1323 2976 ait

362 3024 531 3104 Manutius,
551 3045 681 3105 quonam
701 3023 748 3084 alii
769 3027 942 3085 reiicinntur
961 3045 980 3084 a
999 3023 1153 3086 stomacho
1172 3045 1234 3086 non
1254 3045 1323 3087 oon-

319 3195 324 3205 ,
364 3144 523 3215 coquente,
544 3130 608 3212 alii,
634 3134 822 3193 concoctione
848 3131 925 3193 facta
945 3132 976 3191 in
995 3151 1118 3192 succum
1147 3141 1178 3192 et
1203 3134 1323 3213 sangui-

361 3261 431 3301 nem
451 3250 671 3301 converttmtur.

321 3345 342 3406 5
361 3348 457 3408 Nostri
479 3369 580 3408 omnes
595 3347 703 3431 aliique
717 3345 784 3408 libri
798 3346 896 3428 scripti
911 3355 941 3406 et
954 3347 1048 3406 excusi
1062 3355 1132 3406 vett.
1145 3357 1217 3410 κατὰ
1233 3356 1321 3431 Χρύσ-

360 3481 442 3520 ιππον
466 3461 619 3531 ibicum
643 3455 691 3516 atii
711 3457 767 3516 hoc
786 3454 876 3515 ctiam
896 3465 939 3512 est
958 3461 1027 3515 κατὰ
1044 3467 1125 3538 Χρυς.

318 3562 510 3624 6Corradus
536 3563 710 3624 coniiciebat
735 3559 895 3644 legendum
926 3557 1048 3620 Cocceio
1069 3559 1138 3642 (ep.
1159 3559 1317 3632 Dm).
1438 3549 1439 3606 i

357 3669 441 3730 Libri
462 3681 530 3732 vett
556 3673 647 3730 nostri
672 3669 780 3752 aliique
805 3665 921 3747 cosan,
945 3665 1057 3746 Cordo,
1081 3663 1190 3750 Cestio,
1215 3665 1318 3726 Cassio

359 3787 389 3838 ct
419 3775 522 3839 Cierio.
549 3779 583 3838 in
610 3789 691 3840 tanta
715 3777 857 3836 varietate
883 3777 1027 3837 incertum
1054 3784 1098 3834 est
1129 3783 1160 3834 et
1183 3775 1318 3854 ignotum
1438 3779 1439 3782 ’

358 3903 475 3944 nomeu.
