2910 4962
299 441 377 539 ἤδη
667 461 937 514 tunorarronas

346 587 447 629 versus
468 565 551 628 illum
572 567 713 648 excitato,
733 579 768 630 ut
788 569 890 628 lunius
913 565 1068 650 explanat:
1097 565 1148 628 sed
1167 565 1309 632 libentius
1445 557 1446 574 ¹

346 675 538 760 praetulerim
568 674 653 757 quod
682 686 726 735 est
754 678 785 734 in
816 674 863 736 ed.
891 673 958 736 Aldi
985 675 1066 736 itlius
1091 674 1311 758 mrpmbitatem
1445 725 1446 760 ,

345 783 512 845 ostenderet.
534 783 616 844 Tum
635 783 728 867 quasi
745 803 805 866 quo
825 782 982 843 nonnullos
1002 781 1142 867 oll'mdit,
1162 783 1248 866 quod
1269 787 1312 844 ir-

345 893 498 974 reptitium
513 889 656 973 glossema
670 891 857 973 suspicarint:
872 911 962 972 φιαηι
979 889 1020 950 ob
1033 912 1097 952 rem
1111 890 1141 952 id
1156 891 1312 952 Ernestius

346 1001 432 1060 uncis
460 998 595 1078 inclusit,
626 997 781 1058 Schultziur
812 1009 913 1060 autem
939 1001 970 1059 et
989 999 1011 1060 l.
1033 997 1070 1060 V.
1092 997 1168 1060 Cler.
1193 1001 1313 1083 penitus

348 1104 529 1168 deleverunt
552 1107 690 1167 Attamen
710 1109 831 1168 minime
851 1105 979 1170 alienum
1001 1105 1127 1167 videtur.

306 1214 327 1276 6
348 1217 462 1294 Quinto
482 1215 574 1276 fiatri.
595 1215 714 1276 Solita.
728 1215 810 1275 Tum
830 1215 914 1298 eique
933 1205 977 1276 rei
996 1213 1118 1288 ruderi,
1140 1223 1169 1276 te
1190 1233 1310 1297 capere.
1444 1303 1445 1320 ,

350 1322 462 1385 burst.

307 1427 328 1490 6
348 1431 465 1492 Scilicet
490 1451 529 1492 ne
555 1433 654 1514 rogari
681 1431 805 1514 quidem
831 1451 849 1490 a
869 1451 918 1493 me
937 1449 1041 1514 passus
1061 1442 1105 1494 est
1125 1431 1236 1492 Caesar
1254 1451 1313 1515 pm
1445 1461 1446 1492 l

347 1538 439 1599 fratre
459 1560 543 1619 meo,
563 1561 598 1600 ae
617 1540 744 1624 proinde
764 1541 985 1624 impetrationes
1010 1551 1125 1601 nostras
1146 1543 1312 1600 contemsit.

334 1635 384 1708 'ld
404 1649 501 1732 ipsum
521 1659 566 1709 est
585 1647 668 1732 quod
689 1671 734 1732 ep.
756 1671 820 1732 sup.
835 1660 909 1710 extr.
925 1647 1013 1710 dixit:
1030 1649 1139 1733 Quinto
1151 1649 1221 1730 filio
1240 1647 1314 1710 Cae·

350 1777 447 1816 sarem
468 1757 569 1818 omnia
589 1757 738 1830 tribulem,-
759 1759 852 1818 nostri
869 1757 985 1818 niellam
1005 1758 1178 1818 ouationem
1191 1749 1312 1838 secisse.

178 1837 180 1842 .
311 1863 468 1943 yscilieet
489 1863 572 1925 Sulla
594 1865 663 1948 (ep.
685 1861 776 1948 sup.)
803 1873 834 1929 et
856 1864 981 1926 Messala
1006 1863 1083 1948 pulsi
1108 1885 1127 1924 a
1150 1861 1313 1948 militibus,
1445 1837 1446 1904 l

348 1973 400 2053 qui
428 1991 459 2032 se
485 1982 596 2052 negant
621 1993 747 2054 usquam
773 1973 868 2034 ituros
892 1972 933 2034 ad
958 1971 1087 2053 bellum,
1106 1973 1161 2033 nisi
1181 1975 1313 2056 praenria

348 2079 410 2139 sive
429 2079 573 2164 stipendia
593 2101 612 2140 a
633 2079 759 2140 Caesare
779 2082 925 2162 promissa
945 2075 1120 2164 acceperint
1142 2079 1310 2153 Aditum,

348 2185 409 2248 scil.
430 2186 471 2247 ad
491 2185 664 2268 Caesarem,
684 2198 720 2248 ut
739 2207 809 2247 eum
831 2186 869 2247 de
889 2183 947 2248 hac
966 2209 1001 2249 re
1021 2187 1155 2258 doceant

308 2289 328 2355 8
349 2291 488 2356 Obscena
508 2293 634 2380 locutio,
654 2313 747 2379 quam
767 2296 810 2355 sio
828 2295 968 2380 explanat
987 2295 1151 2357 Manutius:
1165 2299 1196 2358 in
1209 2299 1312 2358 itinere

348 2401 388 2462 ab
409 2401 519 2487 oppido
540 2405 571 2464 in
591 2401 750 2488 oppidum,
764 2398 838 2462 dum
859 2401 890 2464 in
910 2403 1055 2487 oppidum
1068 2405 1167 2464 veniat
1182 2402 1312 2487 aliquod,

344 2507 458 2572 ¹multos
477 2511 541 2577 dias
557 2513 716 2573 *consumit
737 2510 836 2576 Aliter
851 2523 951 2574 tamen
972 2511 993 2571 l.
1014 2513 1050 2572 F.
1065 2513 1249 2592 Gronovius,
1269 2513 1313 2570 ni-

348 2621 459 2680 mirum
479 2619 673 2681 moventibus
693 2618 815 2700 agendis
835 2617 905 2704 (ep.
920 2615 1043 2699 CCVll,
1064 2616 1116 2700 a),
1136 2629 1168 2680 et
1188 2619 1311 2680 audien·

350 2724 395 2785 dis
416 2725 622 2809 legationibus.

309 2829 446 2914 plmmo
471 2853 557 2894 secus
582 2835 704 2920 accidit3
721 2855 802 2896 -nam
828 2837 960 2918 quinque
986 2831 1104 2895 dierum
1135 2837 1231 2918 spatio
1257 2833 1312 2896 hoe

349 2936 462 3000 bellum
484 2941 651 3003 contectum
670 2943 739 3024 luit,
760 2965 852 3026 quam
873 2942 1054 3004 celeritatem
1067 2943 1194 3004 Pontico
1208 2947 1312 3004 mum·

349 3045 411 3132 pho
431 3051 508 3110 inter
536 3070 665 3135 pompae
695 3051 809 3113 fercula
838 3049 1011 3135 significavit
1037 3052 1128 3112 trium
1151 3049 1313 3112 verborum

348 3177 422 3239 prae
442 3178 474 3218 se
494 3157 593 3219 serens
610 3159 731 3222 titulum
755 3159 870 3222 VENI
888 3158 995 3234 VIDI
1013 3157 1119 3220 Vlct.
1142 3157 1265 3220 Sreton.
1285 3161 1314 3218 in

347 3263 402 3324 lul.
424 3264 451 3348 l,
473 3263 530 3350 383
551 3269 675 3350 Appiam
696 3269 769 3329 Bell.
790 3272 844 3331 eir.
866 3265 987 3352 11,91.'

311 3392 347 3432 ro
366 3373 543 3455 Legendum
566 3375 684 3436 videtur
702 3397 798 3461 quae,
819 3387 855 3436 ut
874 3375 914 3435 ad
931 3375 1121 3458 gravitatem
1143 3387 1197 3436 aut
1216 3369 1311 3457 qnod,

345 3491 379 3540 ut
400 3481 440 3542 ad
464 3484 540 3544 coeli
565 3483 721 3546 referatur.
743 3485 838 3548 Vetus
863 3483 940 3544 liber
966 3482 1047 3568 apud
1067 3483 1212 3546 Vrsinum
1232 3477 1313 3565 quod

345 3611 384 3649 m.
406 3589 579 3674 &regnarem
599 3591 643 3674 aſs
1246 3651 1252 3662 .

310 3717 341 3757 ιι
365 3700 413 3758 An
434 3699 534 3762 Sullae
554 3711 586 3762 et
605 3697 751 3762 Messalae
769 3699 808 3759 ad
821 3699 979 3761 Caesarem
1000 3697 1141 3759 euntibus
1161 3695 1312 3777 mandem,

348 3815 383 3864 ut
402 3827 451 3866 me
472 3807 554 3890 apud
573 3811 671 3892 ipsum
692 3819 847 3891 excusent,
861 3809 885 3868 si
898 3809 1027 3870 Romam
1047 3807 1172 3890 propius
1195 3803 1312 3882 aeeedo,

351 3932 409 3970 nee
427 3911 477 3974 lnie
494 3915 643 3978 Brundisii
664 3939 735 3978 enm
755 3913 911 4000 exspecto?

319 4037 353 4080 ra
374 4019 515 4084 Iniuriam
536 4025 632 4086 mnino
652 4023 751 4088 facere
772 4025 963 4106 Ciceronem,
981 4025 1027 4085 ait
1053 4021 1316 4102 smsnbeumus
