2932 4954
520 393 557 442 nt
582 389 772 442 misenus
1089 367 1160 474 527

162 495 199 558 13
221 493 395 576 Germano,
415 491 474 554 scil
496 492 530 554 C.
550 493 708 577 Marcello,
723 513 770 575 ep.
784 491 922 554 CCXVII
935 503 966 554 et
979 493 1163 580 CDLXXX3

198 605 250 684 qui
272 600 458 662 consulatum
479 603 567 682 gessit
587 623 656 662 eum
681 601 717 662 L.
744 598 872 663 Lentulo
898 601 1070 682 Cruscello,
1095 603 1162 682 vel,

197 719 233 769 ut
253 707 301 768 clii
322 707 439 788 volunt,
453 728 522 768 cum
536 708 571 768 L.
584 707 699 770 Paullo.
720 706 774 768 Ex
793 709 967 770 auctoritate
986 721 1061 784 tuos
1072 709 1162 794 idest,

197 817 250 896 qui
271 816 446 876 senteutiam
467 824 550 874 tuam
571 813 762 897 sequebatur.

163 923 200 1000 ¹4
219 923 328 983 Nostro
349 921 469 982 oonsilio
489 923 533 982 uti
553 921 690 982 voluerit
711 922 822 983 Omnia
842 921 969 984 suadent
988 925 1029 982 sic
1047 926 1162 1006 recipe·

197 1051 247 1110 re,
268 1041 302 1091 ut
322 1039 366 1090 est
385 1031 416 1090 in
436 1028 544 1090 Ambb.
565 1028 719 1112 pluribus,
732 1030 803 1092 uec.
819 1041 850 1090 et
862 1029 930 1090 edd.
944 1041 1014 1092 vett.
1029 1030 1162 1113 aliquot,

198 1158 255 1220 pro
276 1136 397 1217 vulgato
427 1135 507 1196 vobis
518 1159 531 1210 ,·
561 1156 632 1198 nam
651 1148 771 1220 praeter
790 1137 875 1220 quod
893 1141 1027 1220 sequitur
1045 1151 1162 1200 nostras

198 1245 372 1318 sententias,
404 1245 472 1304 satis
504 1253 639 1324 constat,
669 1243 844 1306 Ciceronem
870 1265 957 1328 saepe
977 1248 1085 1328 queri,
1104 1249 1164 1308 suis

200 1350 325 1412 consiliis
344 1351 523 1433 Pompeium
543 1353 587 1412 uti
607 1350 744 1412 uoluisse.

161 1457 198 1520 15
219 1460 313 1520 llcute
334 1456 489 1518 Schiltnius
509 1461 639 1519 correxit
652 1459 729 1520 lituae
741 1459 844 1520 onmia
857 1472 896 1531 t.,·
911 1457 1071 1543 respondet
1084 1462 1163 1522 enim

200 1565 380 1626 adamussim
406 1565 610 1649 superiorique
635 1565 666 1626 in
693 1566 825 1626 bello—
837 1585 904 1628 eum
924 1587 1091 1641 consentu-«3
1111 1567 1165 1628 sed

199 1681 320 1755 praeter
338 1674 552 1734 necessitatem.

163 1778 202 1842 16
220 1781 370 1862 impotens
391 1778 472 1864 apud
487 1780 663 1840 Ciceronem
679 1800 767 1863 saepe
788 1790 833 1841 est
852 1782 904 1865 qui
925 1783 1014 1842 animi
1035 1783 1080 1842 sui
1101 1803 1165 1842 mo·

200 1898 249 1948 tus
269 1887 404 1948 fraenare
426 1889 503 1970 potis
522 1906 583 1948 non
603 1897 662 1969 est,
681 1889 881 1971 incontinens,
905 1887 1050 1950 effraenis.
1074 1889 1163 1949 Tusc

201 1993 240 2074 V,
261 2015 294 2076 7:
316 1995 467 2077 impotenti
486 1994 598 2054 laetitia
623 1992 730 2074 efferri.
752 1994 830 2056 Vide
857 1993 933 2056 Phil.
954 1994 993 2072 V,
1013 2017 1034 2078 9
1058 2004 1088 2056 et
1113 1993 1165 2078 16,

201 2113 292 2184 atque
313 2101 351 2161 ad
372 2123 418 2185 ep.
438 2100 553 2162 DCCC.
574 2099 659 2162 Vnus
686 2112 793 2162 tamen.
815 2101 903 2162 Amb.
931 2101 1040 2184 aliique
1066 2102 1165 2184 impu-

201 2207 362 2282 dentiam,
388 2207 463 2268 alius
488 2208 791 2290 impatientioresque3
813 2207 850 2269 al.
872 2208 1165 2292 impudemioresque.

167 2337 203 2396 ¹7
226 2313 313 2377 Amb.
335 2337 353 2396 7
373 2329 406 2376 at
425 2327 473 2388 tu,·
499 2313 537 2376 15
554 2336 597 2376 an
616 2327 685 2375 nun.

165 2419 211 2484 18·
224 2421 342 2484 Scilicet
371 2422 645 2506 Pompeianorum,
677 2422 760 2504 epist.
792 2421 980 2503 CDL11,·et
1005 2423 1166 2502 praecipue

204 2529 424 2612 CCCXCVlll,
449 2552 472 2590 1.
751 2583 752 2586 ,

165 2636 335 2721 19v1um0
356 2634 422 2697 loco
441 2635 570 2718 habere,
594 2636 708 2696 minimi
727 2634 835 2696 lacere.
859 2632 1096 2717 coenandi.
1117 2653 1167 2696 eus

203 2743 392 2828 posthabere.

162 2872 204 2913 ao
223 2849 312 2912 Amb.
333 2873 352 2932 7
374 2872 443 2912 cum
463 2851 534 2912 nec.
554 2851 700 2934 Denique.

162 2981 200 3020 αι
223 2959 290 3020 Non
311 2979 380 3018 oum
400 2958 515 3020 Catone
534 2969 565 3020 et
585 2958 722 3040 Scipione
748 2957 899 3043 proiectus
925 2960 962 3018 sis
986 2960 1017 3020 in
1037 2957 1166 3018 Africam

204 3065 244 3128 ad
263 3064 489 3128 insum—andum
504 3065 635 3150 bellum,
648 3067 702 3128 sed
715 3071 868 3130 secesseris
879 3065 1043 3142 Mitylenae.
1059 3065 1165 3126 (ἔπιεν.
1233 3097 1242 3124 s

164 3194 203 3234 an
225 3173 273 3236 Ad
293 3195 340 3258 ep.
361 3175 583 3238 CDXXXVlll.

164 3282 204 3342 23
225 3282 275 3342 sie
294 3279 372 3343 bene
393 3283 515 3366 'primus
542 3282 655 3343 Victor.
687 3303 704 3343 e
733 3281 821 3342 codd
842 3279 997 3341 Medioaeo
1021 3290 1052 3340 et
1071 3279 1165 3339 Vatic.

203 3389 301 3450 Nostri
321 3408 423 3450 omncs
443 3399 474 3450 et
494 3389 542 3450 alii
562 3388 695 3474 plerique
717 3399 856 3470 corrupte
876 3409 939 3449 esse
959 3387 1006 3448 vel
1016 3386 1125 3468 finisse.

165 3495 207 3574 ad
224 3497 317 3558 llecte
338 3498 379 3557 sie
398 3497 591 3578 Mart-Lag.3
612 3496 695 3580 quod
714 3495 874 3578 respondet
893 3506 987 3556 antec.
1006 3492 1078 3554 diui
1098 3501 1165 3554 etc:

205 3615 236 3665 et
255 3605 338 3664 cnidi
355 3605 394 3664 sit
418 3605 478 3664 iam
504 3607 616 3688 reperit
635 3604 760 3667 Vrsinus
786 3606 817 3664 in
842 3614 942 3664 vetere
961 3600 1048 3662 libio.
1068 3599 1169 3680 Vulgo

206 3711 326 3772 suthon
345 3725 396 3772 eat.
496 3781 500 3788 Δ

167 3815 207 3879 25
227 3817 311 3910 Haec
330 3829 375 3879 est
394 3817 565 3901 conclusio,
594 3819 670 3882 liaeo
695 3841 812 3880 summa
842 3829 894 3879 est.
920 3815 1075 3878 Schiitaius
1102 3833 1170 3874 cum

207 3923 356 4007 aliquibus
375 3945 443 3986 mss.
464 3941 555 4008 captet
574 3927 652 3988 illud
669 3941 721 3990 est.
