2932 4954
488 395 525 440 ra
551 389 739 440 arrsronts
1039 369 1110 446 565

153 504 264 572 vinus,
287 497 369 580 quod
389 495 474 556 facile
494 497 628 577 spurium
649 492 785 574 dicatur3
816 503 847 552 ot
865 506 926 554 tum
944 515 1000 578 pro
1019 519 1113 578 quum

155 613 245 670 etiam
266 605 382 666 sehon.

116 711 134 770 3
155 704 371 786 Philosophiae.
393 701 508 762 Manat

114 817 206 894 [isio
226 835 292 874 mss.
313 812 446 894 plerique
468 831 537 872 cum
558 813 665 872 Graev.
687 811 758 870 Ero.
779 821 809 870 et
829 815 1014 872 recentiores.
1031 812 1113 874 Olim

158 923 249 1004 vulgo
269 920 328 982 duo
349 933 416 980 sunt
434 940 512 1001 quae
531 931 558 978 te
577 941 605 978 n.
627 939 650 978 r.

117 1029 138 1092 5
159 1031 191 1090 Si
211 1029 377 1090 cavendum
396 1028 471 1108 erit,
502 1027 650 1086 neminem
670 1026 892 1107 inposterum,
918 1026 1001 1108 quod
1021 1027 1115 1089 solve-

158 1150 224 1214 tur,
243 1137 399 1218 pecuniam
414 1145 466 1194 aut
478 1132 686 1212 hereditatem,
699 1135 871 1214 petiturum.
886 1132 1025 1214 Amplius
1041 1137 1115 1217 peti,

159 1265 221 1304 non
241 1243 332 1302 modo
353 1241 392 1300 ab
412 1244 476 1324 ipso
497 1241 658 1324 Mescinio,
682 1239 735 1300 sed
755 1240 794 1300 ab
814 1239 875 1300 ullo
895 1261 1016 1324 qnoque
1036 1241 1116 1316 atio;

160 1371 288 1432 quorum
309 1351 402 1430 magis
423 1368 530 1429 causa,
551 1367 641 1428 quem
661 1349 750 1430 ipsius
769 1346 937 1428 litigatoris,
967 1347 1117 1408 satisdatio

161 1457 351 1540 exigebatur:
379 1453 461 1537 quod
485 1455 593 1516 scilicet
612 1457 642 1514 in
661 1455 891 1517 contiorersiem
911 1458 1012 1518 venire
1031 1466 1118 1538 pote-

162 1576 228 1642 rat,
258 1562 444 1624 hereditasne
475 1562 514 1622 ad
545 1581 613 1622 eum
644 1564 695 1642 qui
721 1573 786 1622 tum
806 1573 921 1644 peteret
939 1565 1119 1646 pertineret,

163 1684 253 1752 atque
272 1671 341 1732 ideo
361 1669 400 1730 ab
421 1669 483 1729 aliis
502 1673 705 1748 quaestionem
725 1673 782 1730 reis
802 1691 942 1749 movere,
962 1672 1046 1752 quasi
1062 1671 1120 1730 mi·

162 1799 219 1840 nus
239 1789 320 1838 recte
339 1777 490 1836 solvissent
509 1797 569 1836 non
589 1779 666 1837 iusto
687 1776 879 1858 (illegitimo)
899 1777 1011 1839 heredi.
1033 1777 1120 1838 Bem.

163 1885 251 1946 flunt
266 1884 349 1944 Haeo
359 1903 451 1965 porro
465 1894 529 1944 erat
541 1883 677 1946 solemnis
696 1883 825 1946 somnula
837 1883 1122 1963 iurisconsultorum,

163 1993 204 2052 ad
224 2013 314 2071 quam
336 1994 425 2052 etiam
445 1991 550 2052 Cicero
571 1990 725 2055 alludit-in
743 1991 837 2052 Bruto
858 1994 899 2070 (c.
917 1989 962 2066 5l:
984 1990 1027 2052 Ae
1044 2011 1122 2064 vero,

166 2101 305 2181 inquam,
333 2097 385 2158 a‘bi
409 2117 480 2178 ego,
506 2100 612 2170 Bmte,
640 2117 700 2158 noa
722 2100 851 2170 solvam,
876 2098 935 2158 nisi
951 2099 1036 2180 prius
1056 2117 1079 2158 a
1097 2112 1124 2160 te

165 2225 285 2278 cavero,
305 2203 436 2286 amplius
456 2225 490 2264 eo
511 2206 644 2276 nomine,
665 2205 748 2266 cuius
766 2206 865 2287 ρειιίἰο
886 2206 939 2278 sit,
957 2205 1123 2286 petitumm.

168 2313 275 2372 Graes.

124 2418 148 2480 6
166 2419 210 2480 ae
230 2429 390 2501 propterea
408 2419 445 2478 L.
463 2419 594 2481 Mescinii
615 2419 736 2499 fratria3
758 2440 803 2501 ep.
825 2417 983 2480 CDXCIV.

127 2547 146 2606 7
169 2525 201 2584 Si
222 2525 321 2608 Oppia
340 2524 472 2606 putabit,
493 2525 547 2587 sibi
567 2525 695 2586 Romam
716 2545 778 2587 esse
798 2525 992 2604 veniendum,
1009 2545 1057 2586 res
1076 2543 1127 2586 eas

169 2653 243 2715 quas
263 2631 338 2692 clam
360 2631 509 2717 distraxit,
529 2635 684 2696 restituere
703 2653 852 2713 cogemus.

126 2737 148 2800 8
170 2739 237 2800 Hoc
256 2741 422 2822 recepimus
442 2761 510 2800 oum
540 2739 697 2820 Manutio,
727 2742 779 2822 qui
804 2739 837 2800 id
862 2741 892 2800 in
915 2741 974 2802 suis
994 2739 1077 2802 libris
1095 2761 1127 2802 se

169 2849 314 2929 reperisse
334 2857 474 2928 testatur,
494 2845 613 2908 etcum
634 2850 742 2908 Graev.
756 2844 847 2910 Verb.
862 2858 893 2909 et
907 2847 987 2911 Oliv.
1007 2848 1129 2932 aliisque

171 2975 205 3016 ex
226 2953 289 3014 Pal.
311 2967 405 3034 sext,
430 2953 539 3036 quibus
560 2955 674 3016 accedit
693 2955 779 3016 amb.
805 2956 849 3033 14
871 2956 968 3020 Ceteri
987 2956 1041 3018 tibi
1056 2978 1131 3039 pm-

171 3063 252 3121 mitto
273 3083 332 3121 non
355 3072 538 3145 agnoscunt3
560 3062 650 3146 aliqui
670 3063 705 3123 id
723 3061 801 3124 illud
819 3065 849 3126 in
869 3085 915 3126 mo
934 3085 958 3126 r.
969 3087 982 3136 ,·
1003 3065 1051 3124 alii
1070 3063 1132 3146 ple·

174 3171 260 3250 rique
281 3167 315 3227 id
334 3171 365 3230 in
384 3191 489 3252 meque
508 3171 636 3251 recipio,
659 3172 751 3232 eiecta
771 3169 886 3252 copula.
906 3169 979 3230 Mox
997 3187 1053 3251 pro
1072 3171 1133 3230 col-

174 3275 340 3336 locaturum
360 3297 439 3338 unus
456 3275 747 3349 launomarum,
762 3276 884 3339 fortasse
904 3275 1060 3356 mendose,
1079 3273 1132 3336 sed

174 3401 234 3440 noa
256 3385 363 3463 inepto.

551 3597 723 3660 CDXCVll.

141 3828 151 3865 r
176 3807 277 3866 Novae
297 3805 345 3865 hio
366 3808 505 3888 epistolae
525 3809 642 3870 initium
668 3831 751 3895 esse,
776 3810 868 3890 vulgo
895 3831 963 3872 oum
984 3813 1137 3894 superiore

176 3915 367 3995 coniunctae,
388 3925 475 3976 acute
494 3918 582 3986 sensit
602 3917 761 3980 Manutius.
784 3917 900 3980 Setun.
912 3918 953 3982 Vt
973 3920 1003 3978 in
1024 3919 1138 3992 ostreis,
