2910 4962
266 442 269 450 .
324 367 399 468 404
667 385 839 438 tuscum
863 385 961 438 nm.
1102 385 1135 438 Α.
1150 389 1186 440 v.
1203 391 1233 441 c
1251 403 1299 457 m

325 509 458 596 tutum,
481 489 569 568 nihii
593 489 728 566 insidiis
750 513 905 564 vacuum
925 488 1082 566 viderem
1095 505 1137 594 ¹⁰3
1152 517 1324 570 novarum

324 647 384 698 me
414 619 711 697 necessitudinum
737 629 766 670 ¹¹
799 614 969 692 fidelitate
1004 631 1129 692 ecnua
1165 633 1324 696 veterum

324 747 511 850 perfidiam
536 742 768 820 muniendum
792 744 926 846 putavi.

373 875 397 952 ³
422 871 495 948 Sed
520 871 565 948 de
588 871 719 948 nostn‘s
743 869 848 947 subus
872 871 956 946 satis
968 925 981 972 ,
1008 869 1066 944 vel
1090 870 1198 946 etiam
1217 888 1248 924 ¹¹
1273 873 1326 946 ni·

323 1003 435 1076 mium
457 998 579 1074 multu.
602 1001 658 1074 De
682 999 751 1074 tuis
775 995 899 1098 velim,
914 1010 956 1072 ut
971 1023 1016 1074 ec
1034 997 1082 1072 sis
1098 998 1239 1100 animo,
1255 1025 1325 1103 quc

326 1126 435 1202 debes
459 1151 560 1225 esse,
588 1124 628 1200 id
652 1138 727 1224 est,
749 1137 792 1197 nt
815 1149 862 1198 ne
886 1122 973 1226 quid
999 1121 1064 1198 tibi
1087 1125 1278 1226 praecipue
1297 1126 1324 1178 ¹³

324 1251 522 1328 timendum
545 1263 658 1354 putes.
684 1250 722 1324 si
746 1254 840 1326 enim
865 1263 977 1324 sistus
1001 1251 1070 1325 erit
1094 1249 1220 1354 uliquis
1245 1253 1326 1326 civi·

325 1379 406 1454 uus
418 1405 429 1480 3
466 1379 678 1482 quicumque
713 1377 802 1477 elit,
833 1390 870 1451 te
900 1378 1059 1452 omnium
1090 1377 1326 1480 periculomm

324 1504 430 1581 video
454 1518 634 1606 expertem
658 1503 741 1580 scre.
767 1503 859 1580 Num
884 1502 1012 1578 aliems
1026 1501 1057 1570 ¹⁴
1080 1491 1147 1578 tibi
1162 1504 1232 1577 ium
1251 1504 1326 1607 piu·

324 1643 423 1706 catos
445 1656 521 1706 esse
543 1629 717 1732 iutelli505
732 1629 861 1706 alteros
877 1655 1070 1734 numquam
1085 1631 1194 1704 iratos
1212 1629 1324 1705 fuisse

321 1757 378 1833 De
406 1769 630 1832 mennatem
659 1759 699 1832 in
732 1770 768 1832 te
796 1756 981 1833 voluntate
1011 1757 1063 1832 sic
1094 1753 1201 1834 veiim
1235 1755 1325 1832 iudi-

323 1908 405 1983 ces,
436 1909 515 1984 me,
546 1882 825 1988 quibuscumque
855 1882 961 1959 rebus
993 1908 1085 1985 opus
1116 1909 1192 1958 esse
1221 1882 1324 1958 intel·

322 2005 445 2110 ligem,
482 2035 695 2112 quamquam
727 2009 884 2109 videam,
915 2011 976 2113 qui
994 2011 1025 2063 ¹⁵
1049 2011 1116 2084 sim
1140 2008 1211 2084 hoc
1236 2023 1323 2085 tem·

321 2159 428 2236 ponc,
453 2135 600 2238 etquid
625 2138 780 2238 possim3
812 2163 921 2238 opera
952 2151 1072 2212 tsmen
1098 2150 1134 2210 et
1158 2136 1322 2235 consiliu,

322 2259 441 2337 studio
475 2259 617 2365 quidem
654 2275 771 2365 cene,
802 2264 874 2365 rei,
904 2262 1018 2338 iamne
1035 2267 1077 2365 ¹⁶,
1108 2261 1213 2338 saluti
1243 2277 1322 2337 tuae

320 2401 462 2488 praesto
486 2388 652 2466 futumm.
677 2387 751 2492 Tu,
776 2390 897 2493 veiim,
913 2405 951 2466 et
967 2390 1053 2495 quid
1070 2417 1169 2492 agas,
1185 2404 1222 2466 et
1239 2389 1320 2495 quid
1433 2399 1434 2470 j

321 2527 481 2590 acturum
507 2532 542 2592 ie
566 2534 687 2621 putes,
715 2520 821 2596 iacias
846 2545 903 2594 me
928 2545 1035 2623 quam
1060 2517 1319 2620 diligentissime

319 2643 512 2717 certionem.
539 2646 636 2720 Vale.
