2910 4962
302 408 376 509 396
653 425 825 476 zrrsrous
851 427 946 474 oxrv.
1074 427 1104 472 Α.
1123 428 1156 474 v.
1177 427 1204 472 c.
1225 439 1272 489 7⁰7

299 532 398 630 bito,
423 532 524 632 quin,
556 528 693 626 legente
725 543 761 602 te
785 527 849 602 has
873 527 1012 627 literas,
1043 527 1203 600 conlecta
1228 530 1297 601 iam

300 685 356 733 res
380 659 495 730 lutura
519 655 572 729 sit.
589 658 705 729 Pansa
730 653 872 756 quidem
896 655 998 751 mihi,
1015 655 1128 753 gravis
1144 671 1172 705 ¹¹
1192 655 1300 728 homo

301 799 339 860 et
363 797 500 881 certus,
532 807 606 855 uon
631 780 745 855 solum
776 783 1020 878 confirmavit,
1044 807 1169 854 vemm
1194 783 1299 854 etiam

300 912 452 1011 recepit,
475 908 696 1010 perceleriter
714 933 752 981 se
769 907 967 980 ablaturum
981 923 1010 957 ¹²
1029 907 1194 1006 diploma.
1213 908 1300 980 Mihi

301 1051 422 1112 tamen
447 1036 596 1138 placuit,
620 1034 707 1108 haec
733 1035 779 1108 ad
805 1049 839 1108 te
864 1033 1041 1134 perscribi.
1063 1035 1181 1107 Minus
1207 1036 1300 1106 enim

301 1176 339 1238 te
364 1166 503 1236 firmum
528 1188 642 1260 senpo
666 1159 861 1261 Eppuleiae
876 1161 906 1211 ¹³
933 1175 1030 1260 tuae,
1053 1158 1300 1261 lacrymaeque

302 1265 451 1390 Ampiae
477 1288 716 1387 declarabant,
733 1314 836 1390 quam
854 1287 1051 1386 significant
1067 1301 1148 1359 tuae
1165 1285 1303 1360 literae:

303 1430 408 1516 atque
425 1413 503 1487 illae
520 1413 788 1512 arbitrabantur,
799 1440 908 1515 quum
926 1440 946 1487 a
963 1427 999 1485 te
1016 1412 1180 1486 abessent
1196 1413 1303 1512 ipsae,

302 1541 418 1616 multo
444 1542 482 1612 in
506 1543 665 1638 graviore
691 1555 726 1612 te
745 1567 828 1614 cura
845 1540 1009 1612 futurum.
1027 1540 1146 1631 Quare
1163 1563 1304 1638 magno·

301 1692 386 1767 pere
412 1669 551 1768 putavi,
576 1669 714 1764 angoris
741 1681 776 1739 et
802 1666 933 1740 doloris
958 1667 1010 1740 tui
1025 1665 1168 1741 levandi
1186 1690 1303 1762 causa,

301 1820 370 1895 pro
396 1795 499 1868 certis
525 1793 570 1868 ad
589 1809 624 1866 te
641 1821 699 1892 ea,
716 1821 806 1897 quae
823 1807 939 1867 esseut
956 1807 1067 1891 certa,
1085 1791 1253 1893 perscribi
1266 1789 1301 1861 ¹⁴.

303 1920 399 2021 Scis,
433 1947 490 1992 me
524 1935 627 1994 antea
654 1922 705 1993 sic
731 1921 873 1994 solitum
899 1947 974 1993 esse
1000 1919 1151 1994 scribere
1177 1919 1226 1992 ad
1250 1933 1302 2017 te,

302 2048 414 2144 magis
439 2061 481 2119 ut
505 2046 704 2122 consolarer
736 2047 876 2154 sortem,
896 2049 1010 2122 virum
1036 2061 1142 2148 atque
1167 2047 1303 2146 sapien-

302 2184 397 2270 tem,
423 2198 527 2274 quam
552 2188 593 2246 ut
617 2173 832 2273 exploratam
854 2175 883 2225 ¹⁵
909 2201 1010 2276 spem
1037 2173 1158 2246 salutis
1188 2187 1302 2247 osteu-

304 2297 446 2399 derem,
481 2300 548 2372 nisi
583 2326 689 2402 quam
709 2304 739 2351 ¹⁶
767 2299 812 2372 ab
844 2301 921 2401 ipsa
946 2325 984 2374 re
1009 2298 1173 2400 publica,
1198 2325 1304 2400 quum
1351 2333 1355 2344 ·

302 2421 362 2498 hic
387 2424 492 2499 ardor
517 2428 703 2501 restinctus
729 2442 876 2528 esset17,
892 2427 1025 2528 sperari
1045 2439 1209 2527 oportere
1228 2449 1303 2497 cen·

302 2577 423 2624 serem.
449 2553 646 2627 Recordare
672 2569 749 2628 tuas
774 2553 907 2653 literas,
932 2552 1059 2655 quibus
1085 2566 1122 2626 et
1138 2577 1303 2650 maguum

304 2679 459 2753 animum
485 2680 572 2752 mihi
597 2707 736 2780 semper
761 2680 962 2779 ostendisti,
988 2693 1025 2752 et
1049 2678 1096 2753 ad
1112 2704 1235 2752 omues
1253 2705 1306 2751 ca-

304 2829 364 2876 sus
389 2803 551 2878 serendos
578 2821 798 2880 constantem
824 2833 865 2880 ac
897 2803 1079 2907 paratum:
1113 2805 1212 2907 quod
1242 2829 1304 2902 ego

304 2954 379 3002 nou
411 2929 584 3026 mirabar,
617 2958 725 3031 quum
757 2931 976 3030 recordarer,
1009 2947 1044 3005 te
1074 2946 1111 3006 et
1139 2958 1159 3006 a
1184 2931 1305 3032 primis

305 3055 523 3154 temporibus
557 3058 680 3129 aetatis
715 3060 753 3131 iu
777 3085 815 3132 re
840 3058 981 3160 publica
1006 3083 1082 3132 esse
1107 3072 1303 3152 versatum,

305 3191 343 3253 et
368 3195 448 3256 tuos
474 3185 695 3281 magistratus
720 3186 759 3257 in
782 3187 858 3286 ipsa
877 3185 1076 3260 discrimina
1092 3183 1257 3258 incidisse
1276 3183 1305 3235 ²⁸

306 3304 447 3405 salutis,
482 3308 770 3412 fortunarumque
808 3313 1068 3409 communium,
1102 3325 1138 3384 et
1168 3313 1207 3384 in
1239 3312 1305 3383 hoc

305 3431 422 3532 ipsum
447 3433 577 3507 bellum
603 3460 678 3508 esse
704 3439 922 3536 ingressum,
944 3465 1016 3512 non
1041 3436 1155 3511 solum
1182 3441 1233 3511 uti
1259 3437 1305 3508 vi·

305 3573 400 3658 ctor,
425 3557 569 3660 heatus,
595 3561 656 3635 sed
682 3564 787 3635 etiam
812 3577 871 3661 ut,
893 3565 923 3637 si
948 3565 997 3637 ita
1023 3563 1230 3663 accidisset,
1255 3561 1304 3635 ri·

305 3696 402 3784 ctus,
427 3701 467 3758 ut
492 3689 632 3786 sapiens
659 3715 751 3762 esses
771 3705 810 3760 ¹9.
836 3690 991 3790 Deinde,
1016 3716 1125 3792 quum
1151 3689 1303 3763 studium

306 3820 406 3883 tuum
431 3837 616 3888 consumas
641 3815 678 3888 iu
704 3817 858 3889 virorum
884 3815 1027 3890 fortium
1051 3815 1152 3888 lactis
1177 3839 1303 3890 memo

305 3932 375 4006 riae
392 3935 583 4032 prodendis
596 3955 639 4037 ²⁰,
655 3939 876 4014 considerare
894 3939 1019 4039 debes,
1034 3938 1122 4012 nihil
1144 3940 1205 4013 tibi
1232 3961 1304 4013 esse
