2932 4954
502 387 538 434 in
566 384 755 435 arisroms
1059 365 1132 442 563

126 495 144 551 3
168 489 229 550 lias
249 489 324 548 duas
343 509 431 547 voces
458 487 550 568 pomi,
582 489 651 548 hal.
685 511 721 548 ex
750 493 868 550 vetustis
897 490 983 550 codd.
1006 496 1133 554 restituit

166 598 279 656 Victor.
301 609 332 656 et
358 597 469 676 recepit
493 594 621 674 Lama,
652 607 683 656 et
712 617 791 656 nunc
822 601 1007 658 recentiores,
1030 599 1131 681 Vulgo

168 704 289 762 absunt:
310 723 379 762 mss.
394 701 527 761 nonnulli
546 723 634 781 vero,
655 714 690 762 ut
710 704 771 763 duo
792 703 899 764 amhn.
922 704 1044 786 aliique,
1065 727 1131 766 nra-

162 811 216 894 gai
235 825 333 871 tanren
358 833 422 870 esse
447 830 468 870 a
494 825 520 872 te
539 832 623 870 meas
643 812 759 883 literas,·
781 812 864 893 quod
884 833 944 872 non
964 823 1065 872 maren
1086 824 1129 872 est

167 918 337 1001 inelegansg
365 929 395 978 ct
422 919 518 1000 ipsum
546 918 708 1002 abruptum
729 919 882 1000 vulgatum
904 919 1036 980 defendit
1056 921 1130 980 Cor-

164 1030 222 1086 tius
243 1036 273 1086 et
293 1024 435 1108 exemplis
456 1023 621 1086 confirmat

119 1137 141 1209 4
162 1133 267 1193 Lamb.
289 1133 397 1214 aliique
417 1145 486 1194 vett.
509 1136 675 1215 ignorantia
688 1132 803 1218 decepti
820 1133 1016 1220 emendarunt
1029 1133 1125 1194 Elide·

162 1243 201 1300 At
222 1240 279 1301 hoc
299 1252 344 1301 est
363 1261 473 1302 nomen
487 1239 654 1301 derivatim
671 1241 869 1324 complectens
883 1245 1034 1323 regionem
1049 1245 1127 1302 circa

161 1369 227 1408 eam
248 1347 356 1408 urbem
376 1348 592 1431 Peloponnesi,
613 1348 699 1409 solita
717 1351 858 1410 nimirum
879 1348 976 1410 forma
997 1371 1124 1432 graeca,

161 1468 195 1516 ut
216 1455 340 1528 Eolr'de,
362 1455 522 1536 Argolide,
548 1456 679 1518 Taua-ide
699 1468 754 1518 etc.
776 1456 856 1528 His,
871 1457 938 1530 Hi,
953 1457 1033 1517 Etim
1054 1457 1124 1516 alibi

158 1584 279 1644 «quoque
310 1567 461 1643 occurrit,
492 1574 527 1624 ut
546 1564 620 1624 Plin.
647 1564 735 1646 XVI,
762 1575 792 1625 et
818 1567 882 1646 ipso
904 1565 963 1624 Cic.
992 1565 1029 1624 de
1059 1566 1122 1624 Nat.

158 1673 249 1730 Dcor.
272 1672 319 1750 ll,
338 1671 390 1730 ubi
411 1673 523 1753 pariter
542 1670 594 1730 Hi
613 1671 773 1732 emendare
795 1671 961 1732 voluerunt.

118 1779 138 1838 5
159 1780 216 1838 Sic.
238 1799 304 1838 mss.
336 1801 404 1838 curn
436 1780 503 1838 edd
535 1790 604 1839 vett.
637 1779 757 1860 aliquot
785 1780 841 1839 dlii
868 1779 984 1838 malunt
1010 1778 1121 1859 ubique

159 1907 251 1969 quiem
264 1921 305 1930 -
318 1899 394 1960 tum,
425 1886 509 1968 quod
539 1889 598 1950 iam
629 1886 795 1948 inculcatur
825 1890 856 1948 in
878 1887 935 1946 hac
955 1889 1018 1969 ipsa
1038 1887 1120 1968 epist.

158 1993 219 2054 Sed
239 2005 401 2075 utrumque
421 1997 562 2056 usitatum
583 1995 742 2056 variandae
762 1995 876 2056 formae
898 1996 1000 2078 gratia.

114 2099 265 2162 finmbb.
286 2100 385 2182 plures
406 2100 514 2182 aliique
535 2121 602 2162 mse.
620 2105 857 2190 perscripseram.

117 2230 135 2286 7
157 2209 210 2268 lici
232 2229 310 2288 quac
331 2211 611 2270 incontrovorsiam
634 2219 774 2290 vocatur,
787 2209 986 2270 moderatore.
1002 2207 1036 2266 ln
1050 2228 1120 2289 par-

158 2315 307 2376 titionibus
340 2314 397 2374 lioc
428 2315 554 2376 verbum
586 2315 690 2376 Cicero
721 2319 782 2397 ipse
813 2317 1032 2396 interpretatur.
1059 2313 1120 2372 dut

157 2419 340 2481 auscultator
359 2432 403 2480 est
422 2421 534 2500 modo,
555 2424 606 2502 qui
628 2422 731 2497 audit,
751 2433 805 2480 aut
824 2421 1024 2502 disceptator,
1043 2418 1118 2479 idest

156 2530 198 2588 rei
225 2531 446 2610 sententiaeque
476 2529 657 2590 moderator.
683 2529 798 2588 Marum
825 2528 941 2590 Emesa.
965 2539 991 2586 te
1012 2545 1117 2608 super-

155 2635 250 2696 fluum
272 2635 374 2718 duxit,
394 2637 523 2718 ideoque
544 2636 668 2697 seclusit.

109 2743 202 2804 8Sic
223 2742 327 2802 melius
347 2743 453 2804 Lamb.
484 2743 601 2804 Emest.
634 2743 741 2825 aliique
773 2745 952 2802 recentiores
972 2761 1006 2802 ex
1025 2761 1117 2820 nrss.,

152 2851 261 2931 ‹pribus
281 2850 426 2912 accedunt
444 2851 555 2911 dmbb.
576 2851 724 2932 plerique,
745 2868 836 2934 quam
857 2849 1012 2932 vulgatum
1037 2849 1115 2908 male

152 2977 259 3016 sonans
278 2978 369 3038 qrium
389 2979 464 3017 cum.
486 2957 594 3017 Ambb.
617 2960 706 3017 ceteri
728 2958 836 3038 aliique
856 2960 1007 3041 qrtoniam.

109 3063 325 3144 9Ernestius,
355 3085 443 3145 quem
475 3075 642 3144 sequuntur
672 3064 827 3124 Schiitzius
853 3075 882 3123 et
909 3065 930 3123 l.
950 3063 987 3123 V.
1015 3061 1113 3146 Clen,

152 3171 281 3229 correxit
297 3191 416 3252 posses,
439 3182 468 3231 et
489 3171 590 3252 paullo
610 3183 696 3253 post,
727 3169 939 3253 praeemitibus
960 3170 1041 3248 aliis,
1061 3190 1115 3228 ar-

152 3276 350 3350 bitrabamur5
384 3281 439 3338 rati
467 3277 525 3338 hoc
555 3280 665 3359 requiri
694 3299 712 3336 a
733 3278 860 3337 iuberent
880 3287 910 3336 et
930 3277 1088 3336 siunsimus
1100 3300 1112 3348 ‚⁰

151 3382 231 3442 istud
258 3405 383 3470 quoque⁴
402 3385 612 3468 paedagogice.
639 3385 734 3445 lmmo
760 3405 807 3445 res
828 3395 872 3445 est
892 3387 1053 3454 etiamnum
1074 3383 1112 3444 de

151 3489 265 3552 sirturo.
