2900 4962
325 414 395 490 156
625 431 795 484 esseron
820 434 1014 484 coxxxvtu.
1097 433 1127 482 Δ.
1146 437 1178 482 v.
1198 437 1226 484 c.
1245 451 1291 498 7⁰7

320 565 408 638 uno,
426 551 486 611 aut
502 537 548 610 ed
564 555 767 612 summumst
792 534 910 610 altero.
936 539 1058 637 Itaque
1084 551 1165 610 utor
1188 539 1315 612 eodem

317 665 493 768 perfugio,
519 689 589 766 quo
614 663 679 736 tibi
704 661 875 744 utendum
900 669 1050 759 censeo,
1081 662 1227 738 literulis
1251 691 1315 739 no·

318 793 416 892 stris,
432 804 610 898 praeterea
630 790 843 863 conscientia
860 788 965 860 etiam
983 787 1208 863 consiliorum
1222 817 1316 866 meo-

318 945 404 995 rum.
429 920 507 1016 Ego
533 919 625 990 enim
650 917 680 988 is
706 943 805 1014 sum,
831 914 1128 1017 quemadmodum
1153 930 1192 990 tu
1218 915 1313 990 facil-

316 1043 398 1116 lime
423 1059 524 1144 potes
549 1042 743 1116 existimare
764 1057 813 1140 ¹⁰,
828 1043 888 1142 qui
919 1040 1006 1114 nihil
1037 1064 1205 1141 umquam
1237 1070 1311 1116 mea

314 1170 451 1272 potius,
478 1197 582 1274 quam
607 1195 765 1242 meorum
791 1169 919 1240 civium
944 1188 1047 1239 eausa
1073 1167 1230 1240 fecerim:
1256 1171 1312 1241 cui

313 1299 382 1371 nisi
415 1297 597 1370 invidisset
629 1299 658 1368 is
678 1312 718 1394 ¹¹,
755 1321 858 1397 quem
891 1309 930 1366 tu
964 1320 1156 1395 numquam
1188 1298 1311 1369 amasti

312 1433 394 1513 (me
419 1426 513 1496 enim
538 1417 713 1519 amabas),
738 1433 773 1494 et
797 1423 873 1521 ipse
897 1417 1020 1492 beatus
1046 1434 1153 1518 esset,
1178 1431 1215 1493 et
1240 1447 1311 1494 om-

311 1575 375 1623 nes
399 1549 485 1622 boni
504 1565 542 1620 ¹².
578 1551 657 1648 Ego
681 1573 775 1645 sum,
809 1548 869 1648 qui
893 1545 1020 1624 nullius
1045 1549 1118 1622 vim
1144 1547 1222 1647 plus
1248 1575 1309 1622 va-

310 1674 381 1747 lere
398 1672 511 1774 volui,
528 1701 632 1778 quam
644 1675 836 1766 ‚honestum
857 1675 967 1746 otium
974 1702 985 1773 3
1003 1671 1181 1774 idemque,
1201 1701 1309 1774 qaum

309 1799 368 1874 illa
400 1803 476 1902 ipsa
509 1827 605 1874 arma
626 1803 666 1899 ¹³,
697 1825 787 1902 quae
819 1823 957 1900 semper
989 1802 1193 1898 timueram,
1227 1801 1306 1899 plus

309 1953 414 2027 posse
439 1929 554 2025 sensi,
586 1953 689 2028 quam
715 1925 814 1998 illum
839 1951 1049 2000 consensum
1074 1925 1246 2000 bonorum
1265 1925 1306 2025 ι4,

310 2079 413 2154 quem
439 2079 504 2152 ego
529 2054 623 2126 idem
650 2054 852 2152 effeceram,
885 2054 1006 2154 quavis
1033 2043 1306 2125 tuta¹⁵=condi=

308 2181 405 2252 tione
429 2206 553 2282 pacem
580 2182 737 2282 accipere
769 2178 898 2280 malui,
931 2205 1036 2282 qnam
1068 2179 1199 2252 viribus
1225 2205 1304 2251 cum

307 2305 499 2382 valentiore
524 2334 688 2408 pugnare.
716 2306 786 2378 Sed
811 2306 897 2378 haec
913 2309 952 2403 ¹⁶,
977 2319 1013 2378 et
1036 2303 1146 2386 multa
1164 2305 1230 2377 alia
1248 2329 1304 2377 co-

305 2459 381 2508 ram
405 2433 503 2508 brevi
529 2449 687 2535 tempore
713 2433 839 2508 licebit.
865 2431 987 2534 Neque
1013 2459 1068 2504 me
1093 2447 1212 2505 tamen
1233 2431 1301 2507 ulla

303 2587 359 2634 nes
383 2561 449 2635 alia
474 2563 607 2636 Romae
633 2576 746 2660 tenet,
763 2562 829 2636 nisi
846 2562 1060 2661 exspectatio
1075 2586 1197 2634 rerum
1214 2558 1302 2634 Asti-

303 2709 467 2760 eanarum
479 2705 517 2760 ¹⁷,
535 2689 686 2761 Videtur
711 2689 804 2760 enim
829 2688 916 2758 mihi
936 2690 1044 2762 resin
1062 2688 1301 2788 propinquum

301 2809 454 2884 adducta
480 2812 673 2910 discrimen.
699 2815 791 2885 Puto
818 2827 934 2884 autem
959 2837 1037 2884 mea
1061 2786 1224 2884 nonnihil
1247 2815 1299 2884 in·

301 2949 429 3011 teresse
456 2948 689 3040 (quamquam
714 2938 752 3010 id
775 2939 907 3037 ipsum,
936 2938 1022 3040 quid
1045 2941 1201 3040 intersit,
1225 2963 1297 3012 non

301 3091 384 3140 sane
410 3061 874 3164 intellig0);verumtame11,
900 3065 1064 3167 quicquid
1090 3064 1185 3139 illinc
1211 3089 1297 3138 nun-

300 3195 426 3266 tiatum
458 3193 530 3290 sit,
555 3197 630 3276 nun
659 3189 762 3290 louge
795 3191 914 3265 abesse
941 3219 971 3262 a
987 3191 1139 3288 consiliis
1167 3194 1295 3265 amico-

298 3347 377 3394 rum
397 3321 435 3390 ¹⁸.
466 3321 533 3394 Est
565 3321 658 3394 enim
690 3345 744 3392 res
768 3321 846 3393 iam
872 3319 909 3390 in
934 3345 1024 3418 pum¹
1039 3317 1157 3393 locum
1182 3315 1293 3392 addu-

298 3460 354 3518 cta
369 3461 409 3542 ¹9,
424 3460 477 3544 nt,
494 3473 705 3547 quamquam
722 3444 869 3520 multum
895 3447 1032 3528 intensit
1056 3448 1149 3523 inter.
1172 3471 1292 3536 eorum

297 3597 436 3672 causas,
460 3575 520 3674 qui
545 3565 733 3668 dimicant,
767 3585 883 3642 tamen
910 3573 1002 3645 inter
1026 3574 1194 3647 victorias
1219 3598 1290 3646 non

294 3700 442 3773 multum
466 3701 709 3773 interfuturum
736 3711 855 3796 putem
869 3711 909 3770 ²⁰.
926 3700 997 3771 Sed
1015 3699 1124 3800 plane
1136 3700 1288 3794 animus,

294 3827 353 3923 qui
379 3820 492 3901 dubiis
518 3828 620 3901 rebus
648 3825 792 3899 forsitan
818 3821 919 3897 fuerit
942 3827 1135 3922 infirmior,
1169 3825 1289 3924 despe-

291 3953 376 4024 ratis
401 3957 626 4027 confirmatus
651 3969 703 4026 est
729 3951 893 4024 multum:
931 3979 1035 4053 quem
1067 3953 1172 4024 etiam
1208 3966 1286 4024 tuae
