2910 4962
516 461 552 510 n
577 457 767 509 enisi-ons
797 405 801 413 “
1066 438 1135 534 441

156 563 269 650 ‘Dorio
288 563 362 637 vini,
383 562 442 624 rell.
463 561 613 623 ebrietatis
632 560 679 624 vel
699 561 894 645 vinolentiae,
914 572 949 623 ut
967 561 1031 646 lpte
1050 565 1141 625 inter-
1238 555 1242 564 ⁵

179 683 330 756 pretatur,
350 673 423 755 quin
442 681 543 734 tamen
561 669 634 731 mibi
653 669 780 754 probet3
798 689 897 752 neque
916 669 1061 732 Tunrtell.
1075 672 1140 732 vici.

177 780 286 842 Melius
306 780 430 840 soum
449 777 569 862 bamb,
589 778 643 840 aed
662 780 848 861 coniectura,
867 777 939 851 viri,
959 777 1043 860 quod
1062 777 1140 840 bene

178 890 324 950 consentit
349 907 428 969 seqq.
454 885 569 948 ᾱοὶονὶι
595 885 687 948 virilis
714 883 871 958 ὴιιόιιίσιος
897 886 950 968 qui
973 905 1065 970 porro
1084 903 1141 970 pro

176 998 297 1058 rumine
316 994 476 1058 dedit'tab.
497 1017 561 1056 nov.
581 1008 667 1055 metir
687 993 822 1056 Pronum
844 1006 920 1056 earet
934 997 1084 1077 oon-igere
1097 996 1144 1058 vel

180 1106 234 1178 uis,
257 1115 310 1166 aut
329 1105 372 1178 vi,
393 1113 428 1164 ut
448 1115 492 1164 eat
511 1106 541 1164 iu
561 1105 695 1184 margine
715 1103 762 1164 ed.
782 1103 848 1165 Atd.
869 1103 910 1165 Et
929 1123 1034 1165 revera
1054 1103 1093 1165 de
1112 1105 1141 1164 ri

180 1211 356 1273 Dolabellae
375 1214 417 1272 ric
436 1231 482 1294 ep.
505 1213 650 1273 cDxtx:
671 1233 750 1296 quoe
768 1193 808 1272 rit
826 1211 910 1272 istius
929 1211 973 1272 vir
992 1212 1049 1274 boo
1068 1223 1142 1274 tem-

176 1341 251 1404 pore
264 1355 305 1366 -
317 1322 427 1400 ignoro.
448 1319 527 1382 Vide
548 1320 717 1380 Graevium.

142 1447 177 1510 ¹7
201 1425 266 1489 iloc
287 1438 349 1509 est,
375 1427 459 1488 titulo
484 1425 556 1508 legis
581 1447 727 1488 novarum
748 1425 918 1489 tabularum
938 1447 1030 1511 quam
1048 1425 1143 1490 Dola·

179 1533 259 1596 bella
285 1534 420 1619 serebat3
449 1533 537 1596 titulo
563 1546 779 1596 nocturnarum
805 1539 1056 1620 expugnationum
1086 1549 1141 1600 etc.

182 1641 231 1702 De
249 1641 358 1702 tabulis
377 1643 478 1722 noris,
497 1641 556 1704 vid.
572 1665 618 1726 ep.
634 1641 759 1728 CCL,8
779 1653 811 1706 et
830 1644 970 1707 lndioem.
990 1646 1142 1720 Metellae,

180 1769 260 1832 quae
280 1749 415 1834 pellicem
436 1749 554 1812 Tulliae
570 1751 657 1812 fuiaae
671 1751 814 1814 credibile
826 1763 879 1813 eet.
892 1753 969 1814 Erat
978 1752 1055 1816 baeu
1067 1754 1143 1814 Len-

183 1860 237 1920 tuli
266 1857 429 1942 Spintheris
455 1879 541 1920 uxor.
562 1858 640 1922 Vide
666 1859 771 1922 Horat.
792 1862 840 1943 11,
864 1872 917 1922 eat.
939 1883 991 1942 nr,
1017 1883 1045 1922 r.
1065 1863 1143 1948 ²³93

166 1967 247 2028 -l'al
268 1968 348 2028 Max.
369 1969 432 2046 lx,
458 1988 481 2029 ι.

144 2072 180 2137 ι8
201 2077 291 2153 Quae
312 2097 329 2136 o
350 2077 415 2138 viru
439 2095 495 2138 auo
516 2075 615 2138 Tullia
641 2097 727 2160 parea
754 2088 806 2140 eat.
832 2078 902 2140 Mar.
923 2089 954 2142 et
973 2080 1042 2142 edd.
1062 2081 1143 2165 vrdg.

179 2194 250 2244 vett
279 2183 450 2256 maiorum
482 2183 567 2246 facile
595 2197 757 2270 corrupto,
787 2198 822 2248 ut
852 2198 882 2249 et
911 2187 968 2250 alie
993 2187 1089 2249 multa
1114 2191 1145 2250 in

179 2291 238 2352 boc
258 2301 289 2352 et
308 2313 393 2374 prox„
415 2311 482 2374 epp.
503 2293 567 2354 Nec
586 2315 633 2352 res
650 2295 802 2377 periisset,
817 2295 947 2376 intellige
960 2317 1024 2358 rem
1041 2295 1145 2362 dome·

178 2401 290 2460 adeam.
310 2395 426 2462 Erueat.
448 2397 531 2462 dedit
550 2411 703 2462 mnnaete
719 2401 846 2486 peiieret
864 2423 902 2463 ex
923 2401 991 2464 edd
1012 2414 1083 2466 vett
1131 2432 1135 2456 ι

142 2529 180 2592 ¹9
201 2507 267 2568 Hoc
287 2519 332 2568 est
351 2508 463 2570 doloris
481 2510 534 2592 qui
553 2507 687 2570 funuam
707 2511 844 2570 iniuriam
864 2519 1066 2592 praecaveret.
1156 2585 1164 2594 ι

138 2633 179 2676 20
199 2616 325 2676 Memini
351 2625 419 2678 tuae
443 2615 557 2694 literas,
583 2615 694 2697 quibus
714 2635 764 2677 me
784 2615 823 2676 ad
843 2615 1006 2681 divortium
1019 2614 1145 2678 ¹Tulliae

179 2743 251 2784 curn
270 2722 428 2786 Dolabella
445 2724 671 2808 procurandum
683 2723 870 2809 hortabarir3
883 2726 937 2788 red
950 2727 1144 2788 memineram

179 2832 285 2914 etiam,
304 2841 422 2914 tempus
442 2830 482 2892 ad
501 2831 532 2892 id
552 2841 656 2914 aptum
675 2851 737 2908 nou
756 2853 829 2896 esre.
850 2833 919 2898 Vid
933 2855 981 2918 ep.
996 2831 1144 2897 cccxci

177 2939 240 3000 init
261 2949 322 2998 not.
347 2959 371 3000 ι.
392 2937 458 3000 risi·
475 2938 594 3022 quidda
611 2943 772 3023 prmuib,
793 2941 852 3004 teil
874 2941 957 3004 aliud
977 2943 1144 3026 quodcum·

177 3067 240 3129 que
260 3047 366 3108 metus
385 3058 465 3130 erat,
484 3069 577 3130 qinom
597 3048 729 3110 Tulliam
747 3053 856 3133 nuptui
871 3050 945 3114 dare
957 3051 1145 3135 Dolabellae3

179 3153 252 3216 nihil
266 3157 346 3216 euim
359 3155 490 3218 deterius
499 3155 572 3216 mibi
585 3156 720 3218 accidere
733 3167 860 3239 poterat.
875 3157 964 3220 Here.
977 3157 1024 3218 ιἰιι
1033 3171 1145 3240 praest·

180 3264 312 3346 assequi.

139 3389 175 3428 ιι
202 3369 336 3453 intellige
357 3370 537 3456 divortium3
558 3370 619 3434 no'n
633 3373 737 3434 .st
754 3385 877 3456 tamen,
898 3373 951 3436 red
970 3375 1073 3456 iniquo
1091 3391 1146 3433 rua

180 3475 299 3539 vivendi
320 3477 450 3540 lieentia:
473 3477 611 3542 audimur
632 3482 710 3542 enim
732 3479 886 3562 quomodo
906 3484 966 3542 auis
983 3477 1148 3548 aetionibru

182 3603 276 3667 remp.
297 3583 475 3648 labefactare
489 3599 622 3650 oonetmn
635 3587 727 3650 Putat
739 3588 858 3668 Dorias,
873 3591 902 3649 in
915 3589 981 3672 lege
1000 3603 1148 3648 nonarum

181 3690 360 3754 tabularum
379 3692 503 3755 ferenda
522 3697 554 3756 in
573 3698 673 3756 animo
692 3694 832 3756 babuisse
851 3693 1055 3774 boantem,
1067 3701 1104 3754 ut
1116 3711 1148 3753 re

184 3819 202 3859 a
222 3800 407 3862 restituenda
426 3799 498 3862 dote
519 3804 673 3887 eximeret,
693 3806 717 3864 ai
735 3805 873 3865 nuntium
886 3805 970 3866 uxori
983 3802 1148 3864 remiairaet

144 3925 184 3968 aa
207 3905 255 3967 ab
275 3909 341 3990 ipso
361 3907 517 3970 Dolabella
536 3910 720 3992 perturbato.
741 3909 865 3974 Con-ad.
880 3912 902 3972 l.
915 3911 965 3972 Fr.
979 3909 1149 3970 Grunoriua

180 4013 289 4076 ueltdt
310 4017 494 4090 narratione,
516 4015 575 4078 scil.
597 4017 764 4102 repudiare.
782 4019 893 4082 Omnia
912 4016 960 4080 bic
979 4019 1107 4097 beuta,
1120 4023 1150 4074 et
