2910 4962
315 367 389 464 leo
686 383 956 436 ssuorsrtours

355 493 487 555 domum.
507 491 595 552 Nune
614 485 660 548 ad
679 489 810 549 Balbum
829 499 858 546 et
880 487 1028 570 Oppium,
1052 483 1142 546 modo
1163 486 1201 546 iis
1219 486 1320 570 plaee-

355 615 412 675 ret,
431 600 558 684 propius·
578 594 763 669 accederem,
784 609 816 655 ut
835 597 892 655 hac
914 591 951 654 de
971 616 1002 654 rr
1022 592 1248 656 comiderarem.

316 731 337 794 9
357 709 459 790 Vulgo
479 705 601 768 additur
619 723 709 766 cume
719 703 809 787 sore,
830 701 912 784 quod
927 701 1089 763 delendum
1101 723 1165 762 esse
1178 702 1252 764 vidit
1263 703 1323 764 Er·

357 817 478 878 nestius
499 815 607 875 scum
627 813 701 873 Mox
727 811 803 873 inti-o
830 811 878 872 ed.
906 811 993 872 Rom.
1018 809 1271 894 corfimrorstque3
1296 825 1324 872 et

381 923 488 984 uidem.

324 947 431 1094 roqllle
454 1039 577 1114 praetor
603 1039 683 1113 erut,
708 1027 790 1090 hune
815 1025 970 1090 tribunum
995 1025 1037 1110 pl.
1057 1025 1185 1088 vidimus
1211 1028 1251 1088 ad
1276 1049 1322 1111 ep.

359 1139 515 1212 CCXXII,
537 1138 570 1221 3,
591 1149 621 1198 et
641 1136 793 1198 consulem
812 1146 881 1219 post
901 1135 1034 1197 Caesaris
1059 1145 1189 1196 mortem
1208 1135 1323 1197 videbi-

356 1267 426 1309 mus
446 1246 486 1306 od
506 1267 573 1330 epp.
586 1247 675 1306 DXX
689 1256 719 1306 et
732 1265 813 1326 seqq.
828 1245 909 1305 Tum
929 1263 1066 1316 suumne,
1081 1241 1192 1304 seilicet
1205 1263 1322 1318 eornm,

357 1372 436 1435 quos
455 1355 626 1414 nominarit.

324 1483 355 1522 rr
379 1449 427 1521 De
453 1460 589 1542 Pompeii
614 1468 710 1520 morte
735 1460 766 1519 iu
786 1461 923 1541 Aegypto
953 1457 1038 1540 quod
1064 1459 1234 1518 nuntiatum
1261 1469 1323 1540 est,

360 1570 459 1628 statim
479 1566 610 1649 credidi3
629 1565 689 1628 vid.
711 1587 757 1650 ep.
777 1565 998 1643 DCCCXLIII,
1019 1585 1046 1625 α.
1067 1543 1095 1625 Ι.
1116 1566 1153 1626 F.
1176 1566 1304 1626 Gronov.

325 1696 359 1736 12
381 1674 512 1735 Fannius
531 1673 597 1756 (ep.
618 1672 843 1754 CCCXXXIX,
864 1671 881 1733 3
904 1684 934 1734 et
954 1671 1105 1756 ccclx),
1129 1677 1182 1754 qui
1205 1677 1238 1733 in
1263 1677 1323 1735 acie

361 1781 530 1845 Pharsalica
551 1780 713 1866 ceciderat,
734 1781 904 1842 minabatur
917 1781 988 1842 olim
1001 1783 1116 1860 Attico,
1129 1781 1213 1864 quod
1227 1784 1256 1842 in
1269 1783 1326 1842 lta-

360 1890 400 1950 lia
420 1892 568 1952 manserit.
590 1889 703 1951 baert.

325 1998 360 2058 13
382 1998 492 2059 Caesar
510 1997 614 2059 hortos
634 1995 937 2078 magnificentissimos
955 1995 1063 2058 habuit
1075 1999 1153 2057 circa
1167 1996 1324 2074 Tyberim,
1431 2024 1436 2043 =

361 2125 437 2186 quos
458 2116 633 2167 testamento
653 2104 763 2186 legavit
788 2107 818 2165 in
844 2125 934 2165 usum
959 2103 1123 2188 publicum.
1150 2105 1272 2166 Sveton.
1296 2109 1324 2166 in

362 2212 416 2276 lul.
438 2236 463 2278 c.
483 2210 532 2276 83.
554 2212 692 2274 Meminit
711 2232 816 2274 eorum
839 2211 980 2274 Horatius
1000 2212 1050 2273 lib.
1074 2214 1104 2292 1,
1116 2223 1170 2273 sat
1184 2235 1221 2296 9,
1233 2235 1261 2274 v.
1278 2211 1323 2275 18:

431 2376 514 2428 Trans
531 2375 647 2428 Tiberim
666 2375 741 2444 longe
759 2374 838 2428 cubet
855 2376 875 2428 is
892 2393 973 2447 prope
991 2375 1104 2428 Caesaris
1121 2373 1220 2429 hortos.

361 2525 488 2608 Papum.
509 2526 594 2587 Baias
613 2547 685 2587 vero
706 2536 854 2588 memorat
877 2525 991 2586 Seneca
1012 2545 1059 2608 ep.
1081 2523 1131 2586 52.
1151 2523 1324 2609 Pompeiani
1432 2558 1437 2595 ;

362 2645 430 2714 post
448 2633 594 2716 praelium
613 2634 834 2710 Dyrrachinum
854 2634 919 2718 (ep.
941 2632 1118 2715 cccxcii>
1138 2635 1198 2693 ium
1220 2633 1326 2694 Caesa·

362 2759 426 2798 rem
447 2751 620 2823 superatum
639 2745 711 2826 reti,
732 2743 837 2804 domos
856 2741 997 2823 bonaque
1011 2761 1133 2824 eorum,
1154 2743 1207 2822 qui
1228 2743 1259 2802 in
1279 2761 1326 2800 ra·

362 2850 428 2906 stris
442 2859 527 2908 erant
540 2848 686 2931 Caesaris,
699 2849 842 2932 petebant
857 2849 954 2930 (caes.
968 2847 1038 2909 Bell.
1050 2849 1112 2908 Cir.
1127 2846 1245 2935 111,82,
1258 2847 1326 2931 83);

362 2955 482 3035 iamque
503 2953 541 3015 de
562 2954 728 3017 sacerdotio
749 2957 782 3018 C.
804 2958 937 3018 Caesaris
958 2957 1089 3016 maxima
1102 2965 1169 3017 orta
1183 2967 1250 3018 erat
1262 2978 1327 3018 eon·
1432 3004 1437 3019 .

362 3063 455 3122 tentio
474 3065 551 3122 inter
571 3062 732 3125 Lentulum
752 3065 954 3149 Spintherem,
973 3065 1141 3126 Domitium
1162 3077 1194 3126 et
1214 3065 1327 3148 Scipio·

361 3189 445 3254 nem,
465 3172 531 3253 quis
545 3190 651 3232 eorum
663 3171 738 3234 illud
751 3171 908 3234 obtineret.
930 3172 987 3232 Hic
1001 3183 1104 3234 numm
1117 3174 1152 3234 L.
1167 3171 1327 3248 Lentulus,

362 3280 415 3358 qui
434 3277 583 3339 Hortensii
596 3277 721 3342 domum
742 3291 772 3342 et
792 3281 925 3342 Caesaris
939 3279 1043 3342 hortos
1057 3279 1112 3342 sibi
1126 3301 1265 3342 cessuros
1277 3301 1328 3364 pu·
1432 3362 1437 3371 Ι

362 3383 460 3469 tabat,
481 3398 546 3447 eret
564 3386 710 3449 Lentulus
723 3389 813 3470 Crus,
833 3392 894 3452 sive
909 3387 1093 3468 Cruscellus,
1113 3409 1208 3469 quem
1222 3408 1327 3449 oonsu-

363 3481 421 3544 lem
442 3505 511 3546 cum
532 3485 565 3547 C.
587 3487 729 3550 Marcello
757 3509 803 3549 an.
824 3509 893 3572 sup.
915 3487 1052 3548 vidimus.
1073 3488 1113 3548 At
1138 3509 1247 3548 rerum
1271 3506 1328 3546 uon

362 3591 450 3676 vidit,
470 3615 539 3654 nom
560 3593 740 3678 Pompeium
765 3595 928 3680 fugientem
954 3607 1073 3658 secutus
1098 3593 1327 3678 comprehensus
1429 3642 1435 3652 .

362 3709 407 3758 est
420 3721 439 3758 a
451 3700 534 3782 Rege
548 3699 738 3785 Ptolemaeo,
752 3704 825 3763 etin
846 3701 980 3764 custodia
999 3711 1141 3784 necatus,
1162 3703 1247 3764 Cnes.
1261 3698 1326 3762 Bell

361 3803 424 3866 Cir.
446 3806 501 3884 111,
528 3808 596 3888 rol,
618 3819 647 3869 et
667 3807 818 3870 Plutarrln
840 3812 869 3880 in
890 3810 997 3892 Pomp.
1018 3820 1093 3870 extr.

326 3912 359 3988 rs}
382 3911 636 3976 Caesarianorum.
659 3915 775 3978 Setina
