2910 4962
539 448 575 494 tn
602 445 791 494 tartarones·

624 653 714 717 CDV.

171 893 183 931 ι
206 869 253 930 De
274 869 408 953 Quintis,
428 880 514 952 patre
535 879 565 930 et
584 867 662 953 fili03
682 890 749 952 epp.
772 867 957 948 CCCXCVl,
978 867 999 930 5
1019 880 1049 930 et
1069 870 1159 932 CDll.

165 1000 185 1040 a
207 977 274 1038 Hoc
295 988 339 1039 est
358 980 492 1061 portorio
514 979 580 1061 (ep.
601 977 704 1056 XLll)
726 987 756 1038 et
780 979 944 1061 scripturae
964 979 1050 1038 Asiae
1075 981 1170 1060 mogi-

206 1091 259 1150 stri
279 1065 353 1148 loco⁴
366 1087 503 1172 praefuit.
524 1086 603 1149 Vide
626 1086 720 1177 fusius
746 1084 786 1148 ed
813 1107 859 1170 ep.
880 1086 1071 1166 ccxxxvi
1093 1086 1169 1147 Edd.

205 1199 320 1281 priores
339 1217 465 1278 magnas
485 1217 611 1281 operam
632 1195 716 1277 quod
736 1199 817 1256 recte
837 1193 968 1256 deletum
990 1193 1067 1256 male
1088 1215 1172 1256 revo-

207 1306 285 1365 cavit
305 1304 467 1383 Graevius,
487 1324 578 1386 quem
599 1287 717 1365 secuttu
738 1313 783 1364 est
802 1301 946 1363 Olivetus.
990 1313 995 1326 “

165 1415 185 1474 3
206 1412 262 1473 Alii
282 1426 460 1495 contemtum
479 1423 643 1495 utromque
663 1411 834 1474 insolenter:
856 1409 963 1472 melius
977 1409 1082 1471 Lamb.
1100 1431 1171 1492 per-

205 1505 396 1581 minotaretur.

163 1627 186 1703 4
206 1627 382 1688 Orationem
403 1629 444 1688 its
464 1625 654 1690 multitudine
674 1647 814 1690 versuum
829 1625 972 1710 amplam,
992 1637 1027 1688 ut
1046 1625 1170 1686 volumi·

204 1737 266 1818 nis,
286 1734 345 1796 boc
366 1747 410 1796 est
423 1734 490 1796 libri
504 1738 564 1798 sire
579 1737 676 1819 operis
690 1738 781 1796 inetur
797 1737 841 1798 sit.
856 1734 924 1799 viu
940 1735 978 1796 ad
993 1756 1039 1816 ep.
1054 1723 1169 1795 'eccm

206 1853 274 1904 onte
295 1841 374 1903 med.
1166 1856 1171 1868 ·

163 1949 186 2012 5
206 1952 242 2011 ln
260 1950 339 2012 urbe
356 1949 472 2012 scilicet
488 1947 578 2012 huius
597 1951 739 2032 nominis,
767 1969 813 2032 ep,
835 1949 1024 2026 CCCXCVl,
1043 1948 1073 2012 5.
1096 1949 1169 2012 Mox

206 2061 236 2119 in
257 2049 405 2140 aliquibus
425 2078 493 2118 mss.
515 2069 545 2120 et
564 2057 633 2120 edd.
653 2079 698 2142 pr.
719 2059 814 2120 simili
832 2079 872 2124 sc.

161 2163 185 2227 6
204 2164 273 2227 vid.
294 2187 340 2248 ep.
361 2186 425 2248 sup.
447 2185 475 2226 2.
497 2165 587 2228 llerv.
608 2168 696 2230 ntisit.

164 2273 313 2354 7Pngna
332 2271 501 2334 Pharsalica
520 2284 669 2357 pugnata,
690 2274 765 2336 Cato
786 2285 816 2340 et
836 2275 936 2357 Scipio
961 2276 1097 2358 Pompeii
1123 2295 1170 2340 so-

205 2384 305 2458 cerin
326 2381 455 2444 Africam
476 2381 686 2464 profugerent,
707 2381 808 2464 ibique
822 2382 967 2444 adiunctis
988 2381 1063 2450 lube
1084 2382 1171 2443 Mnu-

204 2489 327 2550 ritanine
355 2509 426 2571 rege
453 2500 484 2550 et
503 2489 602 2572 Varo,
629 2508 772 2570 magnum
796 2487 896 2552 adbuc
918 2493 1070 2570 negotium
1095 2489 1170 2550 Coe·

203 2597 263 2656 sari
283 2596 468 2657 facesserent.
483 2595 559 2656 llirt.
572 2593 643 2655 bell.
665 2592 727 2654 Afr.
749 2594 804 2672 44,
818 2592 875 2676 52,
888 2593 946 2677 573
960 2595 1083 2678 Appian.
1098 2594 1169 2655 Bell.

205 2703 268 2764 Civ.
290 2703 333 2785 ll,
353 2701 402 2784 87.
889 2700 895 2723 ⁸
978 2765 982 2778 ,

161 2808 184 2872 8
203 2809 230 2873 Α
251 2811 289 2888 Q.
311 2807 412 2872 Cassio
431 2811 710 2891 Longinovexota3
738 2809 813 2870 Hirt.
840 2809 878 2872 de
904 2810 976 2872 Bell.
996 2809 1080 2872 Alex.
1107 2807 1166 2889 48:

198 2939 265 2980 mon
285 2939 304 2977 a
324 2918 377 2979 Cn.
399 2918 544 3000 Pompeio
564 2917 666 2998 Magni
687 2915 764 2995 lilio,
784 2921 837 3002 qui
857 2916 941 2982 finito
961 2915 1041 2983 bello
1054 2915 1169 2998 Africess

204 3047 259 3108 no,
280 3026 362 3108 quod
383 3037 455 3086 tunc
476 3037 540 3086 ernt
560 3035 717 3111 coeptum,
737 3027 768 3086 in
789 3026 961 3110 Hispaniam
986 3027 1120 3112 profugit
1139 3038 1170 3088 et

204 3131 317 3196 bellum
340 3135 485 3202 excitavit.
510 3131 634 3200 comat
659 3134 734 3196 ltem
754 3135 887 3198 alienata
908 3135 1019 3208 Italia,
1046 3147 1170 3219 propter

203 3242 323 3302 Antonii
344 3237 550 3301 crudelitatem
568 3261 603 3301 ec
617 3239 804 3324 direptiones.
826 3241 936 3302 Confer
948 3264 994 3327 ep.
1010 3241 1122 3328 CDXl,
1140 3264 1170 3325 ¹3

205 3347 282 3410 Phil.
297 3348 338 3432 ll,
353 3346 401 3408 25.
417 3347 551 3431 Malasp.
564 3348 643 3409 Edd.
657 3359 728 3408 vett.
742 3347 855 3409 babent
865 3349 949 3423 alia3
961 3349 1038 3411 Viot.
1054 3350 1170 3417 Gallia.
1254 3427 1258 3436 .
1302 3411 1304 3416 .

157 3431 186 3538 '9
205 3453 338 3517 Motibus
362 3453 522 3518 tribunitiis
546 3466 576 3516 et
600 3453 817 3536 rogationibus,
842 3457 971 3516 maxime
995 3457 1171 3520 Dolabellae

204 3561 273 3645 (qui
286 3573 357 3624 tunc
371 3573 436 3624 erat
448 3562 603 3645 othonus)
616 3563 734 3624 ferentis
747 3561 844 3642 legem
858 3565 1053 3645 perniciosam
1068 3563 1107 3624 de
1119 3585 1171 3624 no-
1281 3639 1286 3656 ι

206 3671 249 3729 vis
262 3668 386 3754 tabulis,
399 3691 466 3753 epp.
482 3669 605 3748 CDVll,
625 3671 659 3752 33
681 3670 764 3730 CDX
777 3679 806 3732 et
819 3669 975 3751 CDXVll,
997 3691 1024 3730 2.
1046 3671 1170 3753 Papum.

204 3775 251 3836 De
271 3779 355 3838 noris
375 3775 484 3837 tubulis
503 3776 562 3839 vid.
584 3799 630 3862 ep.
653 3776 745 3856 CCL,
764 3774 793 3838 8.

170 3903 206 3944 ro
226 3881 371 3964 Quintus,
391 3895 508 3968 petrem
528 3896 559 3946 et
578 3883 689 3965 filium,
711 3885 886 3967 Cicerones,
906 3885 1003 3948 Attico
1025 3883 1135 3947 affines.
