<?xml version="1.0" encoding="UTF-8"?>
<!DOCTYPE html PUBLIC "-//W3C//DTD XHTML 1.0 Transitional//EN"
    "http://www.w3.org/TR/xhtml1/DTD/xhtml1-transitional.dtd">
<html xmlns="http://www.w3.org/1999/xhtml" xml:lang="en" lang="en">
 <head>
  <title>
</title>
<meta http-equiv="Content-Type" content="text/html;charset=utf-8" />
  <meta name='ocr-system' content='tesseract 3.04.00' />
  <meta name='ocr-capabilities' content='ocr_page ocr_carea ocr_par ocr_line ocrx_word'/>
</head>
<body>
  <div class='ocr_page' id='page_1' title='image "./mtulliiciceroni66cicegoog/mtulliiciceroni66cicegoog_0570.png"; bbox 0 0 2906 4950; ppageno 0'>
   <div class='ocr_carea' id='block_1_1' title="bbox 494 313 1117 420">
    <p class='ocr_par' dir='ltr' id='par_1_1' title="bbox 494 313 1117 420">
     <span class='ocr_line' id='line_1_1' title="bbox 494 313 1117 420; baseline 0 -40"><span class='ocrx_word' id='word_1_1' title='bbox 494 335 530 380; x_wconf 83' lang='lat' dir='ltr'><strong>ru</strong></span> <span class='ocrx_word' id='word_1_2' title='bbox 553 328 744 380; x_wconf 76' lang='lat' dir='ltr'><strong>arrsronas</strong></span> <span class='ocrx_word' id='word_1_3' title='bbox 1046 313 1117 420; x_wconf 83' lang='lat'><strong>567</strong></span> 
     </span>
    </p>
   </div>
   <div class='ocr_carea' id='block_1_2' title="bbox 155 433 1121 714">
    <p class='ocr_par' dir='ltr' id='par_1_2' title="bbox 155 433 1121 714">
     <span class='ocr_line' id='line_1_2' title="bbox 157 433 1121 521; baseline 0.001 -21"><span class='ocrx_word' id='word_1_4' title='bbox 157 444 219 500; x_wconf 87' lang='lat' dir='ltr'><strong>iam</strong></span> <span class='ocrx_word' id='word_1_5' title='bbox 240 448 308 498; x_wconf 88' lang='lat' dir='ltr'><strong>ante</strong></span> <span class='ocrx_word' id='word_1_6' title='bbox 327 435 405 495; x_wconf 86' lang='lat' dir='ltr'><strong>hane</strong></span> <span class='ocrx_word' id='word_1_7' title='bbox 425 433 520 515; x_wconf 81' lang='lat' dir='ltr'><strong>legem</strong></span> <span class='ocrx_word' id='word_1_8' title='bbox 542 437 610 494; x_wconf 84' lang='lat' dir='ltr'><strong>civis</strong></span> <span class='ocrx_word' id='word_1_9' title='bbox 631 434 839 518; x_wconf 85' lang='lat' dir='ltr'><strong>Neapolitanus</strong></span> <span class='ocrx_word' id='word_1_10' title='bbox 860 437 954 498; x_wconf 85' lang='lat' dir='ltr'><strong>factus</strong></span> <span class='ocrx_word' id='word_1_11' title='bbox 975 452 1066 521; x_wconf 81' lang='lat' dir='ltr'><strong>esset,</strong></span> <span class='ocrx_word' id='word_1_12' title='bbox 1082 445 1121 501; x_wconf 88' lang='lat' dir='ltr'><strong>ci·</strong></span> 
     </span>
     <span class='ocr_line' id='line_1_3' title="bbox 157 541 1119 628; baseline -0.001 -21"><span class='ocrx_word' id='word_1_13' title='bbox 157 550 278 607; x_wconf 86' lang='lat' dir='ltr'><strong>vitatem</strong></span> <span class='ocrx_word' id='word_1_14' title='bbox 299 545 464 604; x_wconf 83' lang='lat' dir='ltr'>Romanam</span> <span class='ocrx_word' id='word_1_15' title='bbox 486 561 554 602; x_wconf 90' lang='lat' dir='ltr'><strong>cum</strong></span> <span class='ocrx_word' id='word_1_16' title='bbox 576 543 679 600; x_wconf 84' lang='lat' dir='ltr'><strong>ceteris</strong></span> <span class='ocrx_word' id='word_1_17' title='bbox 700 541 898 624; x_wconf 80' lang='lat' dir='ltr'><strong>Neapolitanis</strong></span> <span class='ocrx_word' id='word_1_18' title='bbox 922 556 965 605; x_wconf 87' lang='lat' dir='ltr'><strong>est</strong></span> <span class='ocrx_word' id='word_1_19' title='bbox 986 547 1119 628; x_wconf 88' lang='lat' dir='ltr'><strong>adeptus.</strong></span> 
     </span>
     <span class='ocr_line' id='line_1_4' title="bbox 155 647 1119 714; baseline 0.001 -2"><span class='ocrx_word' id='word_1_20' title='bbox 155 653 223 712; x_wconf 88' lang='lat' dir='ltr'><strong>Hoc</strong></span> <span class='ocrx_word' id='word_1_21' title='bbox 244 652 367 712; x_wconf 86' lang='lat' dir='ltr'><strong>civitatis</strong></span> <span class='ocrx_word' id='word_1_22' title='bbox 387 649 540 709; x_wconf 83' lang='lat' dir='ltr'>Romanae</span> <span class='ocrx_word' id='word_1_23' title='bbox 565 647 709 708; x_wconf 85' lang='lat' dir='ltr'><strong>beneficio</strong></span> <span class='ocrx_word' id='word_1_24' title='bbox 737 649 923 710; x_wconf 90' lang='lat' dir='ltr'><strong>coloniarum</strong></span> <span class='ocrx_word' id='word_1_25' title='bbox 943 663 973 711; x_wconf 89' lang='lat' dir='ltr'><strong>et</strong></span> <span class='ocrx_word' id='word_1_26' title='bbox 993 656 1119 714; x_wconf 88' lang='lat' dir='ltr'><strong>munici-</strong></span> 
     </span>
    </p>
   </div>
   <div class='ocr_carea' id='block_1_3' title="bbox 150 757 1118 1382">
    <p class='ocr_par' dir='ltr' id='par_1_3' title="bbox 150 757 1118 1382">
     <span class='ocr_line' id='line_1_5' title="bbox 155 757 1117 844; baseline 0.002 -25"><span class='ocrx_word' id='word_1_27' title='bbox 155 763 295 844; x_wconf 80' lang='lat' dir='ltr'><strong>piorum,</strong></span> <span class='ocrx_word' id='word_1_28' title='bbox 324 777 402 839; x_wconf 89' lang='lat' dir='ltr'><strong>quaa</strong></span> <span class='ocrx_word' id='word_1_29' title='bbox 426 761 457 817; x_wconf 92' lang='lat' dir='ltr'><strong>in</strong></span> <span class='ocrx_word' id='word_1_30' title='bbox 484 757 569 816; x_wconf 83' lang='lat' dir='ltr'><strong>ltalia</strong></span> <span class='ocrx_word' id='word_1_31' title='bbox 589 768 687 838; x_wconf 81' lang='lat' dir='ltr'><strong>eraut,</strong></span> <span class='ocrx_word' id='word_1_32' title='bbox 708 767 834 836; x_wconf 87' lang='lat' dir='ltr'><strong>aequata</strong></span> <span class='ocrx_word' id='word_1_33' title='bbox 856 760 921 818; x_wconf 84' lang='lat' dir='ltr'><strong>iura</strong></span> <span class='ocrx_word' id='word_1_34' title='bbox 941 764 1031 841; x_wconf 80' lang='lat' dir='ltr'><strong>sulit,</strong></span> <span class='ocrx_word' id='word_1_35' title='bbox 1056 779 1117 821; x_wconf 88' lang='lat' dir='ltr'><strong>nou</strong></span> 
     </span>
     <span class='ocr_line' id='line_1_6' title="bbox 156 864 1118 946; baseline 0 -20"><span class='ocrx_word' id='word_1_36' title='bbox 156 878 190 926; x_wconf 89' lang='lat' dir='ltr'><strong>ut</strong></span> <span class='ocrx_word' id='word_1_37' title='bbox 209 865 325 946; x_wconf 79' lang='lat' dir='ltr'><strong>legibus</strong></span> <span class='ocrx_word' id='word_1_38' title='bbox 338 865 424 925; x_wconf 87' lang='lat' dir='ltr'><strong>Rom.</strong></span> <span class='ocrx_word' id='word_1_39' title='bbox 447 885 542 945; x_wconf 85' lang='lat' dir='ltr'><strong>aeque</strong></span> <span class='ocrx_word' id='word_1_40' title='bbox 563 874 718 924; x_wconf 84' lang='lat' dir='ltr'><strong>uterentur</strong></span> <span class='ocrx_word' id='word_1_41' title='bbox 731 864 816 944; x_wconf 86' lang='lat' dir='ltr'><strong>(nain</strong></span> <span class='ocrx_word' id='word_1_42' title='bbox 830 865 1014 926; x_wconf 86' lang='lat' dir='ltr'><strong>coloniarum</strong></span> <span class='ocrx_word' id='word_1_43' title='bbox 1029 866 1118 926; x_wconf 92' lang='lat' dir='ltr'><strong>dum-</strong></span> 
     </span>
     <span class='ocr_line' id='line_1_7' title="bbox 153 970 1117 1056; baseline 0.003 -22"><span class='ocrx_word' id='word_1_44' title='bbox 153 980 236 1035; x_wconf 76' lang='lat' dir='ltr'><strong>uxot</strong></span> <span class='ocrx_word' id='word_1_45' title='bbox 254 975 459 1034; x_wconf 62' lang='lat' dir='ltr'><strong>manarum</strong></span> <span class='ocrx_word' id='word_1_46' title='bbox 478 970 538 1032; x_wconf 86' lang='lat' dir='ltr'><strong>hoo</strong></span> <span class='ocrx_word' id='word_1_47' title='bbox 557 971 628 1052; x_wconf 80' lang='lat' dir='ltr'><strong>luit,</strong></span> <span class='ocrx_word' id='word_1_48' title='bbox 647 973 807 1055; x_wconf 84' lang='lat' dir='ltr'><strong>municipia</strong></span> <span class='ocrx_word' id='word_1_49' title='bbox 825 975 886 1032; x_wconf 88' lang='lat' dir='ltr'><strong>suis</strong></span> <span class='ocrx_word' id='word_1_50' title='bbox 899 972 1013 1055; x_wconf 83' lang='lat' dir='ltr'><strong>legibus</strong></span> <span class='ocrx_word' id='word_1_51' title='bbox 1027 987 1117 1056; x_wconf 80' lang='lat' dir='ltr'><strong>atque</strong></span> 
     </span>
     <span class='ocr_line' id='line_1_8' title="bbox 153 1076 1117 1162; baseline 0.002 -22"><span class='ocrx_word' id='word_1_52' title='bbox 153 1083 291 1141; x_wconf 83' lang='lat' dir='ltr'><strong>institutis</strong></span> <span class='ocrx_word' id='word_1_53' title='bbox 310 1076 486 1160; x_wconf 81' lang='lat' dir='ltr'><strong>vivebant);</strong></span> <span class='ocrx_word' id='word_1_54' title='bbox 515 1079 567 1138; x_wconf 91' lang='lat' dir='ltr'><strong>sed</strong></span> <span class='ocrx_word' id='word_1_55' title='bbox 592 1089 627 1138; x_wconf 91' lang='lat' dir='ltr'><strong>ut</strong></span> <span class='ocrx_word' id='word_1_56' title='bbox 654 1099 749 1162; x_wconf 87' lang='lat' dir='ltr'><strong>aeque</strong></span> <span class='ocrx_word' id='word_1_57' title='bbox 769 1081 815 1142; x_wconf 82' lang='lat' dir='ltr'><strong>ius</strong></span> <span class='ocrx_word' id='word_1_58' title='bbox 834 1079 908 1140; x_wconf 90' lang='lat' dir='ltr'><strong>illud</strong></span> <span class='ocrx_word' id='word_1_59' title='bbox 929 1084 1036 1142; x_wconf 79' lang='lat' dir='ltr'><strong>civium</strong></span> <span class='ocrx_word' id='word_1_60' title='bbox 1056 1083 1117 1142; x_wconf 81' lang='lat' dir='ltr'><strong>llo-</strong></span> 
     </span>
     <span class='ocr_line' id='line_1_9' title="bbox 150 1185 1117 1270; baseline 0.005 -23"><span class='ocrx_word' id='word_1_61' title='bbox 150 1205 326 1266; x_wconf 81' lang='lat' dir='ltr'><strong>manorum,</strong></span> <span class='ocrx_word' id='word_1_62' title='bbox 346 1185 460 1247; x_wconf 85' lang='lat' dir='ltr'><strong>ferendi</strong></span> <span class='ocrx_word' id='word_1_63' title='bbox 480 1187 540 1246; x_wconf 80' lang='lat' dir='ltr'><strong>scil.</strong></span> <span class='ocrx_word' id='word_1_64' title='bbox 560 1185 708 1269; x_wconf 76' lang='lat' dir='ltr'><strong>suffiagii,</strong></span> <span class='ocrx_word' id='word_1_65' title='bbox 723 1198 753 1248; x_wconf 87' lang='lat' dir='ltr'><strong>et</strong></span> <span class='ocrx_word' id='word_1_66' title='bbox 773 1185 1031 1270; x_wconf 72' lang='lat' dir='ltr'><strong>adipiscendorum</strong></span> <span class='ocrx_word' id='word_1_67' title='bbox 1052 1211 1117 1252; x_wconf 85' lang='lat' dir='ltr'><strong>mu·</strong></span> 
     </span>
     <span class='ocr_line' id='line_1_10' title="bbox 151 1291 1113 1382; baseline 0.003 -29"><span class='ocrx_word' id='word_1_68' title='bbox 151 1314 258 1354; x_wconf 88' lang='lat' dir='ltr'><strong>nerum</strong></span> <span class='ocrx_word' id='word_1_69' title='bbox 279 1291 455 1353; x_wconf 71' lang='lat' dir='ltr'><strong>obtinerent</strong></span> <span class='ocrx_word' id='word_1_70' title='bbox 483 1293 681 1354; x_wconf 87' lang='lat' dir='ltr'><strong>Martorellius</strong></span> <span class='ocrx_word' id='word_1_71' title='bbox 702 1295 833 1374; x_wconf 82' lang='lat' dir='ltr'><strong>(Thaca</strong></span> <span class='ocrx_word' id='word_1_72' title='bbox 853 1295 957 1356; x_wconf 83' lang='lat' dir='ltr'><strong>calam.</strong></span> <span class='ocrx_word' id='word_1_73' title='bbox 978 1299 1013 1379; x_wconf 70' lang='lat' dir='ltr'><strong>p:</strong></span> <span class='ocrx_word' id='word_1_74' title='bbox 1028 1297 1113 1382; x_wconf 70' lang='lat'><strong>459&#39;)</strong></span> 
     </span>
    </p>
   </div>
   <div class='ocr_carea' id='block_1_4' title="bbox 108 1399 1191 2555">
    <p class='ocr_par' dir='ltr' id='par_1_4' title="bbox 151 1399 1116 1592">
     <span class='ocr_line' id='line_1_11' title="bbox 151 1399 1116 1488; baseline 0.006 -28"><span class='ocrx_word' id='word_1_75' title='bbox 151 1411 243 1480; x_wconf 83' lang='lat' dir='ltr'><strong>negat</strong></span> <span class='ocrx_word' id='word_1_76' title='bbox 261 1399 472 1482; x_wconf 80' lang='lat' dir='ltr'><strong>Neapolitanos</strong></span> <span class='ocrx_word' id='word_1_77' title='bbox 489 1400 644 1461; x_wconf 75' lang='lat' dir='ltr'><strong>&#39;adscivisse</strong></span> <span class='ocrx_word' id='word_1_78' title='bbox 663 1404 812 1464; x_wconf 83' lang='lat' dir='ltr'><strong>civitatem</strong></span> <span class='ocrx_word' id='word_1_79' title='bbox 830 1401 1010 1486; x_wconf 80' lang='lat' dir='ltr'><strong>Romanam,</strong></span> <span class='ocrx_word' id='word_1_80' title='bbox 1025 1403 1116 1488; x_wconf 83' lang='lat' dir='ltr'><strong>idque</strong></span> 
     </span>
     <span class='ocr_line' id='line_1_12' title="bbox 151 1506 1094 1592; baseline 0.011 -26"><span class='ocrx_word' id='word_1_81' title='bbox 151 1507 252 1567; x_wconf 86' lang='lat' dir='ltr'><strong>multis</strong></span> <span class='ocrx_word' id='word_1_82' title='bbox 271 1506 380 1589; x_wconf 87' lang='lat' dir='ltr'><strong>probat</strong></span> <span class='ocrx_word' id='word_1_83' title='bbox 401 1511 596 1588; x_wconf 81' lang='lat' dir='ltr'><strong>argumentis,</strong></span> <span class='ocrx_word' id='word_1_84' title='bbox 616 1529 694 1592; x_wconf 83' lang='lat' dir='ltr'><strong>quae</strong></span> <span class='ocrx_word' id='word_1_85' title='bbox 713 1510 774 1570; x_wconf 85' lang='lat' dir='ltr'><strong>huo</strong></span> <span class='ocrx_word' id='word_1_86' title='bbox 794 1510 901 1573; x_wconf 78' lang='lat' dir='ltr'><strong>afferre</strong></span> <span class='ocrx_word' id='word_1_87' title='bbox 921 1529 981 1572; x_wconf 86' lang='lat' dir='ltr'><strong>non</strong></span> <span class='ocrx_word' id='word_1_88' title='bbox 1001 1525 1094 1579; x_wconf 75' lang='lat' dir='ltr'><strong>vacat</strong></span> 
     </span>
    </p>

    <p class='ocr_par' dir='ltr' id='par_1_5' title="bbox 110 1611 1122 1803">
     <span class='ocr_line' id='line_1_13' title="bbox 110 1611 1122 1702; baseline 0.009 -29"><span class='ocrx_word' id='word_1_89' title='bbox 110 1611 132 1674; x_wconf 84' lang='lat'><strong><em>5</em></strong></span> <span class='ocrx_word' id='word_1_90' title='bbox 153 1613 275 1699; x_wconf 62' lang='lat' dir='ltr'><strong>Idea,¹</strong></span> <span class='ocrx_word' id='word_1_91' title='bbox 268 1636 327 1674; x_wconf 83' lang='lat' dir='ltr'><strong>ram</strong></span> <span class='ocrx_word' id='word_1_92' title='bbox 347 1613 478 1697; x_wconf 88' lang='lat' dir='ltr'><strong>possidet</strong></span> <span class='ocrx_word' id='word_1_93' title='bbox 497 1613 709 1700; x_wconf 84' lang='lat' dir='ltr'><strong>hereditatem3</strong></span> <span class='ocrx_word' id='word_1_94' title='bbox 734 1629 764 1678; x_wconf 83' lang='lat' dir='ltr'><strong>ot</strong></span> <span class='ocrx_word' id='word_1_95' title='bbox 789 1621 950 1698; x_wconf 83' lang='lat' dir='ltr'><strong>generatim</strong></span> <span class='ocrx_word' id='word_1_96' title='bbox 972 1613 1122 1702; x_wconf 73' lang='lat' dir='ltr'><strong>sig&#39;niflcar</strong></span> 
     </span>
     <span class='ocr_line' id='line_1_14' title="bbox 150 1722 644 1803; baseline 0.004 -21"><span class='ocrx_word' id='word_1_97' title='bbox 150 1741 213 1782; x_wconf 83' lang='lat' dir='ltr'><strong>esse</strong></span> <span class='ocrx_word' id='word_1_98' title='bbox 233 1724 264 1782; x_wconf 88' lang='lat' dir='ltr'><strong>in</strong></span> <span class='ocrx_word' id='word_1_99' title='bbox 282 1725 466 1803; x_wconf 82' lang='lat' dir='ltr'><strong>possessione</strong></span> <span class='ocrx_word' id='word_1_100' title='bbox 485 1722 644 1784; x_wconf 86' lang='lat' dir='ltr'><strong>bonorum.</strong></span> 
     </span>
    </p>

    <p class='ocr_par' dir='ltr' id='par_1_6' title="bbox 108 1826 1191 2555">
     <span class='ocr_line' id='line_1_15' title="bbox 108 1826 1114 1915; baseline 0.007 -28"><span class='ocrx_word' id='word_1_101' title='bbox 108 1826 131 1888; x_wconf 87' lang='lat'><strong>6</strong></span> <span class='ocrx_word' id='word_1_102' title='bbox 151 1828 207 1888; x_wconf 89' lang='lat' dir='ltr'><strong>Cui</strong></span> <span class='ocrx_word' id='word_1_103' title='bbox 227 1829 336 1890; x_wconf 78' lang='lat' dir='ltr'><strong>Acilius</strong></span> <span class='ocrx_word' id='word_1_104' title='bbox 356 1839 494 1912; x_wconf 86' lang='lat' dir='ltr'><strong>praeerat</strong></span> <span class='ocrx_word' id='word_1_105' title='bbox 513 1832 745 1913; x_wconf 84' lang='lat' dir='ltr'><strong>proconsulari</strong></span> <span class='ocrx_word' id='word_1_106' title='bbox 738 1835 879 1915; x_wconf 85' lang='lat' dir='ltr'><strong>rmperio,</strong></span> <span class='ocrx_word' id='word_1_107' title='bbox 894 1834 962 1894; x_wconf 89' lang='lat' dir='ltr'><strong>lieet</strong></span> <span class='ocrx_word' id='word_1_108' title='bbox 981 1833 1114 1894; x_wconf 84' lang='lat' dir='ltr'><strong>consula·</strong></span> 
     </span>
     <span class='ocr_line' id='line_1_16' title="bbox 150 1939 1191 2023; baseline 0.005 -27"><span class='ocrx_word' id='word_1_109' title='bbox 150 1946 215 1996; x_wconf 85' lang='lat' dir='ltr'><strong>tum</strong></span> <span class='ocrx_word' id='word_1_110' title='bbox 235 1955 297 1996; x_wconf 91' lang='lat' dir='ltr'><strong>non</strong></span> <span class='ocrx_word' id='word_1_111' title='bbox 318 1939 458 2018; x_wconf 73' lang='lat' dir='ltr'><strong>gessisset.</strong></span> <span class='ocrx_word' id='word_1_112' title='bbox 480 1939 596 2000; x_wconf 79' lang='lat' dir='ltr'><strong>Manat.</strong></span> <span class='ocrx_word' id='word_1_113' title='bbox 626 1939 707 2012; x_wconf 76' lang='lat' dir='ltr'><strong>Sata,</strong></span> <span class='ocrx_word' id='word_1_114' title='bbox 736 1939 794 2000; x_wconf 87' lang='lat' dir='ltr'><strong>scil.</strong></span> <span class='ocrx_word' id='word_1_115' title='bbox 827 1943 931 2023; x_wconf 88' lang='lat' dir='ltr'><strong>patria.</strong></span> <span class='ocrx_word' id='word_1_116' title='bbox 958 1939 1113 2001; x_wconf 85' lang='lat' dir='ltr'><strong>Schiitzius</strong></span> <span class='ocrx_word' id='word_1_117' title='bbox 1188 1980 1191 1986; x_wconf 86' lang='lat'><em>-</em></span> 
     </span>
     <span class='ocr_line' id='line_1_17' title="bbox 151 2042 1114 2129; baseline 0.001 -23"><span class='ocrx_word' id='word_1_118' title='bbox 151 2045 239 2106; x_wconf 87' lang='lat' dir='ltr'><strong>tacite</strong></span> <span class='ocrx_word' id='word_1_119' title='bbox 260 2042 342 2103; x_wconf 88' lang='lat' dir='ltr'><strong>dedit</strong></span> <span class='ocrx_word' id='word_1_120' title='bbox 361 2057 434 2119; x_wconf 81' lang='lat' dir='ltr'><strong>tua,</strong></span> <span class='ocrx_word' id='word_1_121' title='bbox 461 2043 544 2127; x_wconf 90' lang='lat' dir='ltr'><strong>quod</strong></span> <span class='ocrx_word' id='word_1_122' title='bbox 567 2045 672 2106; x_wconf 85' lang='lat' dir='ltr'><strong>mdlibi</strong></span> <span class='ocrx_word' id='word_1_123' title='bbox 703 2049 827 2129; x_wconf 84' lang='lat' dir='ltr'><strong>reperio.</strong></span> <span class='ocrx_word' id='word_1_124' title='bbox 859 2047 941 2106; x_wconf 86' lang='lat' dir='ltr'><strong>Tum</strong></span> <span class='ocrx_word' id='word_1_125' title='bbox 970 2048 1114 2129; x_wconf 84' lang='lat' dir='ltr'><strong>quoniam</strong></span> 
     </span>
     <span class='ocr_line' id='line_1_18' title="bbox 148 2149 1152 2236; baseline 0 -22"><span class='ocrx_word' id='word_1_126' title='bbox 148 2173 205 2236; x_wconf 90' lang='lat' dir='ltr'><strong>pro</strong></span> <span class='ocrx_word' id='word_1_127' title='bbox 225 2152 347 2234; x_wconf 74' lang='lat' dir='ltr'><strong>vulgato</strong></span> <span class='ocrx_word' id='word_1_128' title='bbox 372 2151 467 2234; x_wconf 77' lang='lat' dir='ltr'><strong>qutun</strong></span> <span class='ocrx_word' id='word_1_129' title='bbox 491 2152 538 2213; x_wconf 81' lang='lat' dir='ltr'><strong>vel</strong></span> <span class='ocrx_word' id='word_1_130' title='bbox 558 2151 697 2234; x_wconf 72' lang='lat' dir='ltr'><strong>quando,</strong></span> <span class='ocrx_word' id='word_1_131' title='bbox 724 2151 828 2235; x_wconf 82' lang='lat' dir='ltr'><strong>&#39;recepi</strong></span> <span class='ocrx_word' id='word_1_132' title='bbox 853 2165 922 2212; x_wconf 88' lang='lat' dir='ltr'><strong>oum</strong></span> <span class='ocrx_word' id='word_1_133' title='bbox 943 2149 1114 2222; x_wconf 73' lang='lat' dir='ltr'><strong>Olivoto&#39;et</strong></span> <span class='ocrx_word' id='word_1_134' title='bbox 1145 2177 1152 2194; x_wconf 94' lang='lat'><strong>·</strong></span> 
     </span>
     <span class='ocr_line' id='line_1_19' title="bbox 149 2259 1110 2331; baseline 0 -13"><span class='ocrx_word' id='word_1_135' title='bbox 149 2260 171 2320; x_wconf 90' lang='lat' dir='ltr'><strong>l.</strong></span> <span class='ocrx_word' id='word_1_136' title='bbox 193 2259 230 2321; x_wconf 88' lang='lat' dir='ltr'><strong>V.</strong></span> <span class='ocrx_word' id='word_1_137' title='bbox 252 2259 330 2320; x_wconf 84' lang='lat' dir='ltr'><strong>Cler.</strong></span> <span class='ocrx_word' id='word_1_138' title='bbox 351 2271 385 2319; x_wconf 91' lang='lat' dir='ltr'><strong>ut</strong></span> <span class='ocrx_word' id='word_1_139' title='bbox 406 2259 516 2320; x_wconf 90' lang='lat' dir='ltr'><strong>habent</strong></span> <span class='ocrx_word' id='word_1_140' title='bbox 540 2271 599 2320; x_wconf 86' lang='lat' dir='ltr'><strong>tres</strong></span> <span class='ocrx_word' id='word_1_141' title='bbox 620 2259 727 2319; x_wconf 78' lang='lat' dir='ltr'><strong>Ambo.</strong></span> <span class='ocrx_word' id='word_1_142' title='bbox 749 2279 817 2318; x_wconf 86' lang='lat' dir='ltr'><strong>oum</strong></span> <span class='ocrx_word' id='word_1_143' title='bbox 838 2260 908 2319; x_wconf 80' lang='lat' dir='ltr'><strong>Rae.</strong></span> <span class='ocrx_word' id='word_1_144' title='bbox 928 2259 1110 2331; x_wconf 70' lang='lat' dir='ltr'><strong>Mox,eodd.</strong></span> 
     </span>
     <span class='ocr_line' id='line_1_20' title="bbox 148 2362 1111 2449; baseline 0 -23"><span class='ocrx_word' id='word_1_145' title='bbox 148 2365 283 2449; x_wconf 79' lang='lat' dir='ltr'><strong>plerique</strong></span> <span class='ocrx_word' id='word_1_146' title='bbox 310 2363 417 2427; x_wconf 79' lang='lat' dir='ltr'><strong>Ambb.</strong></span> <span class='ocrx_word' id='word_1_147' title='bbox 444 2366 553 2447; x_wconf 88' lang='lat' dir='ltr'><strong>aliique</strong></span> <span class='ocrx_word' id='word_1_148' title='bbox 576 2365 643 2428; x_wconf 91' lang='lat' dir='ltr'><strong>libri</strong></span> <span class='ocrx_word' id='word_1_149' title='bbox 670 2362 826 2426; x_wconf 52' lang='lat' dir='ltr'><strong>vettr&#39;uon</strong></span> <span class='ocrx_word' id='word_1_150' title='bbox 852 2365 964 2425; x_wconf 85' lang='lat' dir='ltr'><strong>habent</strong></span> <span class='ocrx_word' id='word_1_151' title='bbox 980 2381 1017 2426; x_wconf 71' lang='lat' dir='ltr'><strong>at</strong></span> <span class='ocrx_word' id='word_1_152' title='bbox 1032 2375 1111 2448; x_wconf 60' lang='lat' dir='ltr'><strong>*post</strong></span> 
     </span>
     <span class='ocr_line' id='line_1_21' title="bbox 140 2469 1109 2555; baseline -0.002 -21"><span class='ocrx_word' id='word_1_153' title='bbox 140 2472 335 2554; x_wconf 60' lang='lat' dir='ltr'><strong>famarm,-</strong></span> <span class='ocrx_word' id='word_1_154' title='bbox 361 2475 404 2532; x_wconf 88' lang='lat' dir='ltr'><strong>ita</strong></span> <span class='ocrx_word' id='word_1_155' title='bbox 429 2484 479 2555; x_wconf 78' lang='lat' dir='ltr'><strong>ut,</strong></span> <span class='ocrx_word' id='word_1_156' title='bbox 502 2475 527 2532; x_wconf 89' lang='lat' dir='ltr'><strong>si</strong></span> <span class='ocrx_word' id='word_1_157' title='bbox 546 2475 592 2535; x_wconf 86' lang='lat' dir='ltr'><strong>iis</strong></span> <span class='ocrx_word' id='word_1_158' title='bbox 599 2469 674 2532; x_wconf 78' lang='lat' dir='ltr'><strong>fides</strong></span> <span class='ocrx_word' id='word_1_159' title='bbox 688 2483 752 2552; x_wconf 75' lang='lat' dir='ltr'><strong>est,</strong></span> <span class='ocrx_word' id='word_1_160' title='bbox 772 2469 881 2532; x_wconf 69' lang='lat' dir='ltr'><strong>eodm</strong></span> <span class='ocrx_word' id='word_1_161' title='bbox 883 2485 911 2532; x_wconf 71' lang='lat' dir='ltr'><strong>et</strong></span> <span class='ocrx_word' id='word_1_162' title='bbox 930 2474 1007 2532; x_wconf 77' lang='lat' dir='ltr'><strong>honr</strong></span> <span class='ocrx_word' id='word_1_163' title='bbox 1025 2473 1109 2532; x_wconf 70' lang='lat' dir='ltr'><strong>hom-</strong></span> 
     </span>
    </p>
   </div>
   <div class='ocr_carea' id='block_1_5' title="bbox 147 2577 1246 2714">
    <p class='ocr_par' dir='ltr' id='par_1_7' title="bbox 147 2577 1246 2714">
     <span class='ocr_line' id='line_1_22' title="bbox 147 2577 1246 2714; baseline 0.002 -76"><span class='ocrx_word' id='word_1_164' title='bbox 147 2578 270 2640; x_wconf 77' lang='lat' dir='ltr'><strong>ditarem</strong></span> <span class='ocrx_word' id='word_1_165' title='bbox 280 2578 357 2661; x_wconf 70' lang='lat' dir='ltr'><strong>star.</strong></span> <span class='ocrx_word' id='word_1_166' title='bbox 377 2599 439 2639; x_wconf 89' lang='lat' dir='ltr'><strong>non</strong></span> <span class='ocrx_word' id='word_1_167' title='bbox 457 2580 499 2639; x_wconf 83' lang='lat' dir='ltr'><strong>ad</strong></span> <span class='ocrx_word' id='word_1_168' title='bbox 519 2599 578 2660; x_wconf 83' lang='lat' dir='ltr'><strong>seq</strong></span> <span class='ocrx_word' id='word_1_169' title='bbox 592 2579 783 2652; x_wconf 72' lang='lat' dir='ltr'><strong>comomtdo,</strong></span> <span class='ocrx_word' id='word_1_170' title='bbox 805 2579 858 2639; x_wconf 91' lang='lat' dir='ltr'><strong>sed</strong></span> <span class='ocrx_word' id='word_1_171' title='bbox 878 2577 931 2638; x_wconf 85' lang='lat' dir='ltr'><strong>ad</strong></span> <span class='ocrx_word' id='word_1_172' title='bbox 928 2599 1033 2714; x_wconf 76' lang='lat' dir='ltr'><strong>praee.</strong></span> <span class='ocrx_word' id='word_1_173' title='bbox 1054 2578 1109 2640; x_wconf 74' lang='lat' dir='ltr'><strong>lio-</strong></span> <span class='ocrx_word' id='word_1_174' title='bbox 1240 2587 1246 2596; x_wconf 94' lang='lat'>&#39;</span> 
     </span>
    </p>
   </div>
   <div class='ocr_carea' id='block_1_6' title="bbox 108 2685 1123 2984">
    <p class='ocr_par' dir='ltr' id='par_1_8' title="bbox 108 2685 1123 2984">
     <span class='ocr_line' id='line_1_23' title="bbox 148 2685 534 2748; baseline -0.003 -2"><span class='ocrx_word' id='word_1_175' title='bbox 148 2687 196 2746; x_wconf 82' lang='lat' dir='ltr'><strong>bet</strong></span> <span class='ocrx_word' id='word_1_176' title='bbox 213 2686 369 2746; x_wconf 83' lang='lat' dir='ltr'><strong>referenda</strong></span> <span class='ocrx_word' id='word_1_177' title='bbox 388 2685 534 2748; x_wconf 82' lang='lat' dir='ltr'><strong>videntur.</strong></span> 
     </span>
     <span class='ocr_line' id='line_1_24' title="bbox 108 2724 1123 2878; baseline -0.001 -22"><span class='ocrx_word' id='word_1_178' title='bbox 108 2813 126 2873; x_wconf 86' lang='lat'>7</span> <span class='ocrx_word' id='word_1_179' title='bbox 147 2793 212 2878; x_wconf 74' lang='lat' dir='ltr'><strong>sio,</strong></span> <span class='ocrx_word' id='word_1_180' title='bbox 231 2804 268 2854; x_wconf 87' lang='lat' dir='ltr'><strong>ut</strong></span> <span class='ocrx_word' id='word_1_181' title='bbox 285 2796 346 2854; x_wconf 84' lang='lat' dir='ltr'><strong>iam</strong></span> <span class='ocrx_word' id='word_1_182' title='bbox 364 2805 519 2854; x_wconf 70' lang='lat' dir='ltr'><strong>remearat</strong></span> <span class='ocrx_word' id='word_1_183' title='bbox 532 2793 686 2856; x_wconf 77' lang='lat' dir='ltr'><strong>Ernestius</strong></span> <span class='ocrx_word' id='word_1_184' title='bbox 697 2813 739 2855; x_wconf 73' lang='lat' dir='ltr'><strong>ea</strong></span> <span class='ocrx_word' id='word_1_185' title='bbox 735 2794 819 2854; x_wconf 84' lang='lat' dir='ltr'><strong>edd</strong></span> <span class='ocrx_word' id='word_1_186' title='bbox 834 2813 894 2878; x_wconf 83' lang='lat' dir='ltr'><strong>prr.</strong></span> <span class='ocrx_word' id='word_1_187' title='bbox 888 2831 912 2877; x_wconf 62' lang='lat'><strong>‚5</strong></span> <span class='ocrx_word' id='word_1_188' title='bbox 914 2729 1036 2858; x_wconf 70' lang='lat' dir='ltr'><strong>trabem</strong></span> <span class='ocrx_word' id='word_1_189' title='bbox 1048 2724 1123 2877; x_wconf 77' lang='lat' dir='ltr'><strong>plo-²</strong></span> 
     </span>
     <span class='ocr_line' id='line_1_25' title="bbox 147 2899 952 2984; baseline 0.001 -24"><span class='ocrx_word' id='word_1_190' title='bbox 147 2902 232 2982; x_wconf 85' lang='lat' dir='ltr'><strong>rique</strong></span> <span class='ocrx_word' id='word_1_191' title='bbox 252 2899 360 2962; x_wconf 82' lang='lat' dir='ltr'><strong>Ambb.</strong></span> <span class='ocrx_word' id='word_1_192' title='bbox 380 2901 480 2984; x_wconf 76' lang='lat' dir='ltr'><strong>Vulgo</strong></span> <span class='ocrx_word' id='word_1_193' title='bbox 501 2911 588 2963; x_wconf 86' lang='lat' dir='ltr'><strong>antea</strong></span> <span class='ocrx_word' id='word_1_194' title='bbox 609 2903 707 2984; x_wconf 84' lang='lat' dir='ltr'><strong>inepte</strong></span> <span class='ocrx_word' id='word_1_195' title='bbox 727 2902 862 2962; x_wconf 76' lang='lat' dir='ltr'><strong>aberit.</strong></span> <span class='ocrx_word' id='word_1_196' title='bbox 937 2940 952 2952; x_wconf 41' lang='grc' dir='ltr'><strong>ι.</strong></span> 
     </span>
    </p>
   </div>
   <div class='ocr_carea' id='block_1_7' title="bbox 527 3139 686 3200">
    <p class='ocr_par' dir='ltr' id='par_1_9' title="bbox 527 3139 686 3200">
     <span class='ocr_line' id='line_1_26' title="bbox 527 3139 686 3200; baseline -0.013 0"><span class='ocrx_word' id='word_1_197' title='bbox 527 3139 686 3200; x_wconf 86' lang='lat' dir='ltr'>CDXCIX.</span> 
     </span>
    </p>
   </div>
   <div class='ocr_carea' id='block_1_8' title="bbox 108 3324 1134 3837">
    <p class='ocr_par' dir='ltr' id='par_1_10' title="bbox 112 3324 1129 3410">
     <span class='ocr_line' id='line_1_27' title="bbox 112 3324 1129 3410; baseline -0.004 -22"><span class='ocrx_word' id='word_1_198' title='bbox 112 3350 123 3389; x_wconf 87' lang='lat' dir='ltr'><strong>r</strong></span> <span class='ocrx_word' id='word_1_199' title='bbox 148 3329 204 3388; x_wconf 87' lang='lat' dir='ltr'><strong>Cui</strong></span> <span class='ocrx_word' id='word_1_200' title='bbox 224 3329 356 3409; x_wconf 83' lang='lat' dir='ltr'><strong>primum</strong></span> <span class='ocrx_word' id='word_1_201' title='bbox 376 3327 505 3387; x_wconf 85' lang='lat' dir='ltr'><strong>Tulliam</strong></span> <span class='ocrx_word' id='word_1_202' title='bbox 526 3325 745 3410; x_wconf 75' lang='lat' dir='ltr'><strong>desponderat3</strong></span> <span class='ocrx_word' id='word_1_203' title='bbox 766 3346 812 3407; x_wconf 87' lang='lat' dir='ltr'><strong>ap.</strong></span> <span class='ocrx_word' id='word_1_204' title='bbox 833 3324 901 3386; x_wconf 86' lang='lat' dir='ltr'><strong>Vlll</strong></span> <span class='ocrx_word' id='word_1_205' title='bbox 921 3333 999 3385; x_wconf 58' lang='lat' dir='ltr'><strong>aaut</strong></span> <span class='ocrx_word' id='word_1_206' title='bbox 1089 3362 1091 3373; x_wconf 87' lang='lat'>·</span> <span class='ocrx_word' id='word_1_207' title='bbox 1126 3347 1129 3363; x_wconf 79' lang='lat'><em>¹</em></span> 
     </span>
    </p>

    <p class='ocr_par' dir='ltr' id='par_1_11' title="bbox 108 3430 1134 3837">
     <span class='ocr_line' id='line_1_28' title="bbox 108 3430 1106 3517; baseline -0.002 -23"><span class='ocrx_word' id='word_1_208' title='bbox 108 3456 127 3494; x_wconf 72' lang='grc' dir='ltr'>α</span> <span class='ocrx_word' id='word_1_209' title='bbox 148 3435 288 3496; x_wconf 80' lang='lat' dir='ltr'><strong>Refermr</strong></span> <span class='ocrx_word' id='word_1_210' title='bbox 306 3434 348 3496; x_wconf 90' lang='lat' dir='ltr'><strong>ad</strong></span> <span class='ocrx_word' id='word_1_211' title='bbox 366 3437 522 3517; x_wconf 77' lang='lat' dir='ltr'><strong>superiora</strong></span> <span class='ocrx_word' id='word_1_212' title='bbox 548 3434 668 3496; x_wconf 79' lang='lat' dir='ltr'><strong>honesto</strong></span> <span class='ocrx_word' id='word_1_213' title='bbox 699 3443 728 3492; x_wconf 87' lang='lat' dir='ltr'><strong>at</strong></span> <span class='ocrx_word' id='word_1_214' title='bbox 750 3434 881 3504; x_wconf 74' lang='lat' dir='ltr'><strong>&#39;omato‚·</strong></span> <span class='ocrx_word' id='word_1_215' title='bbox 908 3431 967 3491; x_wconf 84' lang='lat' dir='ltr'><strong>seii.</strong></span> <span class='ocrx_word' id='word_1_216' title='bbox 988 3430 1106 3492; x_wconf 75' lang='lat' dir='ltr'><strong>sslmtris</strong></span> 
     </span>
     <span class='ocr_line' id='line_1_29' title="bbox 148 3537 1107 3622; baseline -0.004 -21"><span class='ocrx_word' id='word_1_217' title='bbox 148 3543 256 3602; x_wconf 83' lang='lat' dir='ltr'><strong>virtute</strong></span> <span class='ocrx_word' id='word_1_218' title='bbox 276 3562 330 3601; x_wconf 85' lang='lat' dir='ltr'><strong>sua</strong></span> <span class='ocrx_word' id='word_1_219' title='bbox 350 3552 379 3601; x_wconf 92' lang='lat' dir='ltr'><strong>et</strong></span> <span class='ocrx_word' id='word_1_220' title='bbox 400 3544 514 3620; x_wconf 80' lang='lat' dir='ltr'><strong>generis</strong></span> <span class='ocrx_word' id='word_1_221' title='bbox 534 3539 694 3602; x_wconf 61' lang='lat' dir='ltr'><strong>nobiliore.</strong></span> <span class='ocrx_word' id='word_1_222' title='bbox 716 3539 788 3601; x_wconf 81' lang='lat' dir='ltr'><strong>ldeo</strong></span> <span class='ocrx_word' id='word_1_223' title='bbox 809 3559 899 3622; x_wconf 85' lang='lat' dir='ltr'><strong>snpra</strong></span> <span class='ocrx_word' id='word_1_224' title='bbox 921 3537 994 3598; x_wconf 80' lang='lat' dir='ltr'><strong>dixit</strong></span> <span class='ocrx_word' id='word_1_225' title='bbox 1012 3539 1107 3598; x_wconf 77' lang='lat' dir='ltr'><strong>ambi-</strong></span> 
     </span>
     <span class='ocr_line' id='line_1_30' title="bbox 148 3627 1134 3730; baseline -0.003 -21"><span class='ocrx_word' id='word_1_226' title='bbox 148 3651 242 3722; x_wconf 80' lang='lat' dir='ltr'><strong>tione,</strong></span> <span class='ocrx_word' id='word_1_227' title='bbox 255 3689 258 3700; x_wconf 84' lang='lat'>·</span> <span class='ocrx_word' id='word_1_228' title='bbox 273 3647 338 3708; x_wconf 78' lang='lat' dir='ltr'><strong>sall..</strong></span> <span class='ocrx_word' id='word_1_229' title='bbox 363 3667 424 3707; x_wconf 87' lang='lat' dir='ltr'><strong>non</strong></span> <span class='ocrx_word' id='word_1_230' title='bbox 453 3627 488 3708; x_wconf 85' lang='lat' dir='ltr'><strong>ut</strong></span> <span class='ocrx_word' id='word_1_231' title='bbox 514 3647 579 3708; x_wconf 86' lang='lat' dir='ltr'><strong>talis</strong></span> <span class='ocrx_word' id='word_1_232' title='bbox 609 3647 752 3730; x_wconf 79' lang='lat' dir='ltr'><strong>praeclari</strong></span> <span class='ocrx_word' id='word_1_233' title='bbox 782 3649 837 3710; x_wconf 75' lang='lat' dir='ltr'><strong>siri</strong></span> <span class='ocrx_word' id='word_1_234' title='bbox 861 3643 1105 3706; x_wconf 82' lang='lat' dir='ltr'><strong>necessitudinem</strong></span> <span class='ocrx_word' id='word_1_235' title='bbox 1122 3671 1134 3681; x_wconf 66' lang='grc'><strong>·’</strong></span> 
     </span>
     <span class='ocr_line' id='line_1_31' title="bbox 147 3753 816 3837; baseline 0 -25"><span class='ocrx_word' id='word_1_236' title='bbox 147 3765 316 3816; x_wconf 82' lang='lat' dir='ltr'><strong>ostentaret</strong></span> <span class='ocrx_word' id='word_1_237' title='bbox 338 3753 407 3815; x_wconf 86' lang='lat' dir='ltr'><strong>vid.</strong></span> <span class='ocrx_word' id='word_1_238' title='bbox 426 3775 473 3837; x_wconf 84' lang='lat' dir='ltr'><strong>ep.</strong></span> <span class='ocrx_word' id='word_1_239' title='bbox 493 3755 605 3836; x_wconf 74' lang='lat' dir='ltr'><strong>DXlV,</strong></span> <span class='ocrx_word' id='word_1_240' title='bbox 625 3767 687 3818; x_wconf 82' lang='lat' dir='ltr'><strong>not.</strong></span> <span class='ocrx_word' id='word_1_241' title='bbox 709 3777 737 3835; x_wconf 67' lang='lat' dir='ltr'><strong>pt</strong></span> <span class='ocrx_word' id='word_1_242' title='bbox 805 3791 816 3812; x_wconf 84' lang='lat'><strong>.</strong></span> 
     </span>
    </p>
   </div>
   <div class='ocr_carea' id='block_1_9' title="bbox 0 0 1458 4950">
    <p class='ocr_par' dir='ltr' id='par_1_12' title="bbox 0 0 1458 4950">
     <span class='ocr_line' id='line_1_32' title="bbox 0 0 1458 4950; baseline 0 2"><span class='ocrx_word' id='word_1_243' title='bbox 0 0 1458 4950; x_wconf 95' lang='lat' dir='ltr'><strong> </strong></span> 
     </span>
    </p>
   </div>
  </div>
 </body>
</html>
