2880 4956
336 453 385 539 ⁵0
706 475 876 536 arrarum
899 475 984 525 cur.
1117 473 1198 532 tv.
1214 477 1246 532 u
1263 474 1312 542 nr

336 581 421 665 tiam
446 577 531 656 mibi
555 575 667 656 vidui
691 576 762 654 ria:-
783 601 900 678 nequae
924 590 961 658 tr
986 573 1163 675 datum
1181 603 1256 678 quo
1274 581 1336 662 rui·

335 730 401 778 nus
425 704 464 778 id
488 703 661 804 dimiono,
688 702 890 804 eoribaaque
915 701 962 774 ad
985 724 1043 774 me
1068 727 1177 802 qrram
1202 707 1336 806 taem*

334 832 430 903 rime.
454 829 622 903 Nonnihil
645 831 741 902 enim
772 855 829 900 me
861 827 982 900 levant
1010 841 1091 900 tuae
1115 828 1240 902 literae
1266 831 1334 904 hoc

334 970 501 1057 tempore.
533 958 601 1029 Per
630 982 706 1054 eos,
738 957 797 1057 qui
827 968 947 1028 nostra
972 979 1077 1028 causa
1102 953 1249 1054 volunt,
1275 983 1336 1032 vo-

332 1081 474 1186 lentque
490 1083 585 1184 apud
601 1081 734 1180 illum¹,
750 1081 1011 1184 diligentissime
1027 1079 1226 1156 contendas
1242 1108 1334 1185 opus

333 1224 403 1308 eet,
422 1187 490 1311 ner
512 1185 662 1296 Balbum
687 1221 724 1280 et
748 1209 907 1325 Oppium
939 1207 1106 1306 maxime,
1138 1221 1180 1282 ut
1205 1207 1252 1280 de
1277 1236 1334 1282 me

333 1333 488 1408 scribant
512 1360 617 1434 quarn
643 1331 912 1430 diligentissime
938 1333 1196 1433 oppugnamur
1221 1334 1334 1437 enim,

334 1473 374 1530 ut
397 1459 525 1556 audio,
548 1474 628 1544 ota
655 1458 929 1558 meantibuv
955 1458 1184 1560 quibusdam,
1207 1474 1246 1546 et
1270 1489 1334 1562 per

333 1583 458 1658 literas.
484 1587 531 1657 Iis
556 1586 604 1657 ita
630 1585 899 1683 occurrendum,
915 1599 955 1658 ut
973 1588 1023 1658 rei
1046 1587 1254 1684 magnitudo
1271 1615 1333 1688 po-

206 1745 211 1754 ·
333 1710 447 1784 stulat
473 1711 627 1784 Fufius³
652 1725 705 1783 est
721 1709 810 1807 lllic‚
825 1708 912 1784 milri
931 1709 1199 1784 inimicissimus.
1218 1713 1331 1806 Quin·

334 1851 390 1910 tus
415 1839 511 1926 misit
535 1836 645 1922 lilium
670 1861 743 1909 non
767 1835 882 1909 solum
901 1839 955 1910 sui
972 1835 1254 1938 deprecatorem,
1269 1838 1333 1913 sed

334 1965 439 2035 etiam
464 1977 703 2052 accusatorem
728 1965 796 2036 mei
812 1961 838 2034 l.
862 1961 1027 2065 Dietitat,
1051 1989 1088 2048 se
1113 1990 1133 2035 a
1159 1989 1217 2040 me
1237 1965 1332 2064 apud

333 2091 518 2188 caesareo
543 2091 762 2191 capuanam
797 2089 894 2194 quod
924 2088 1049 2173 refellit
1080 2091 1209 2174 caesar
1232 2091 1334 2202 ipse,

173 2207 178 2214 ’
333 2240 524 2327 ouansque
549 2217 625 2300 eiua
650 2217 777 2298 antri:
810 2242 924 2317 noque
955 2241 1044 2296 ruo
1072 2215 1231 2316 deutur,
1253 2216 1334 2296 uhi-

333 2367 484 2444 oumque
515 2355 593 2441 eet,
627 2343 746 2415 omnia
777 2344 815 2414 in
846 2369 904 2416 me
940 2341 1125 2418 maledictu
1164 2339 1332 2424 conferre.

331 2466 427 2540 Nihil
453 2469 538 2541 milri
563 2495 731 2570 umquam
758 2482 830 2542 tam
854 2468 1060 2542 incredibile
1082 2469 1229 2569 tondit,
1245 2469 1331 2544 nihil

330 2589 367 2664 in
392 2593 446 2666 his
473 2594 574 2670 malis
600 2608 671 2668 tam
697 2594 871 2668 acerbum.
894 2595 964 2685 Qui
982 2621 1024 2668 ex
1040 2597 1118 2695 ipso
1136 2595 1331 2696 audissent,

331 2745 439 2817 quum
464 2719 623 2818 Sicyone
643 2719 759 2819 palam
785 2719 903 2807 multis
929 2721 1149 2796 audientibus
1174 2721 1331 2824 loquere·

331 2855 406 2940 tur,
438 2843 565 2916 nefaria
599 2845 772 2947 quaedam
805 2846 850 2919 ad
883 2873 939 2918 me
971 2846 1198 2946 pertulerunt.
1228 2849 1331 2924 Nosti

331 2991 439 3064 genus
452 2968 479 3066 ⁶,
503 2971 607 3042 etiam
632 2987 796 3072 expertus
821 2999 858 3044 es
884 2973 1044 3045 fortasse:
1069 2974 1107 3045 in
1132 2999 1189 3046 me
1214 2973 1252 3046 id
1278 2989 1330 3048 est

330 3119 434 3166 omne
460 3122 678 3184 conversum.
705 3097 776 3184 Sed
800 3075 911 3198 augeo
937 3099 1248 3182 commemOrando
1270 3101 1330 3180 do·

329 3219 458 3319 lorem,
484 3237 520 3296 et
546 3223 635 3297 facio
662 3229 766 3299 etiam
793 3224 866 3298 tibi.
892 3227 1009 3317 Quare
1035 3227 1082 3299 ad
1105 3225 1192 3300 illud
1209 3228 1328 3302 redeo:

330 3373 431 3446 cura,
467 3364 506 3421 ut
537 3350 640 3424 huiut
673 3357 722 3426 rei
756 3377 879 3451 cauta,
903 3352 1023 3428 dedita
1048 3379 1181 3454 opera,
1212 3357 1328 3428 mittat

329 3473 479 3577 aliquem
503 3477 642 3552 Balbus.
676 3481 732 3564 Ad
765 3505 855 3586 quos
880 3479 1071 3579 videbitur,
1099 3480 1203 3554 velim
1229 3479 1333 3556 oures'

329 3597 444 3674 literas
470 3630 548 3676 meo
574 3608 725 3680 nomine.
751 3605 850 3682 Vale.
876 3608 928 3680 Vl
953 3606 1030 3680 Kal.
1055 3610 1190 3681 Ianuar.
