2900 4962
315 423 382 518 ¹44
631 434 802 488 errarunt
828 435 990 484 cumrv.
1090 433 1170 484 nv.
1190 439 1218 486 c.
1236 455 1281 502 7.,

311 548 399 645 reia,
424 543 562 646 publice
581 541 805 644 potestesse:
831 565 870 612 ea
896 551 950 610 est
974 535 1020 609 ad
1037 539 1117 611 ⁴HS
1136 567 1214 615 xxx.
1239 545 1308 620 Sed

314 675 357 748 de
390 673 458 746 hoo
490 673 618 744 Caesar
650 666 786 741 viderit.
812 666 885 763 Te,
909 665 956 736 mi
983 663 1129 767 Plance,
1153 693 1220 768 pro
1246 697 1309 772 pa-

314 812 411 874 terna
437 795 710 896 necessitudine,
734 819 799 893 pro
832 805 954 864 nostro
987 817 1123 891 amore,
1148 821 1214 895 pro
1240 813 1308 872 stu·

314 927 378 1002 diis
404 912 442 1000 e't¹
464 925 560 1001 omni
586 947 688 996 cursu
713 932 834 995 nostro
863 918 971 992 totius
998 919 1090 991 vitae
1116 921 1309 1022 simillimo,

313 1077 416 1152 rogo,
441 1066 476 1126 et
494 1078 512 1125 a
532 1064 566 1123 te
583 1051 633 1122 ita
650 1061 750 1149 peto,
767 1059 813 1124 ut¹
824 1043 955 1118 maiore
972 1070 1071 1144 cura,
1088 1047 1220 1121 maiore
1237 1065 1308 1122 stu-

314 1177 486 1254 dionullo
502 1194 529 1242 ¹⁷
549 1175 698 1276 possim,
722 1186 762 1246 ut
786 1171 877 1246 hauc
899 1196 973 1244 rem
990 1173 1177 1272 suscipias,
1196 1200 1308 1250 meam

312 1307 415 1406 put'es
443 1320 534 1400 esse3
565 1302 713 1398 enitare,
746 1295 954 1398 contendas,
988 1296 1140 1396 efficias,¹
1162 1313 1203 1372 ut
1232 1327 1308 1379 mea

313 1428 633 1523 commendatione,
666 1438 727 1498 tuo
763 1424 900 1521 studio,
932 1425 1089 1497 Caesaris
1120 1423 1308 1528 beneficio,

312 1553 542 1630 hereditatem
558 1552 748 1654 propinqui
765 1552 818 1624 sui
835 1551 873 1624 C.
889 1553 1023 1655 Capito
1038 1551 1205 1626 obtineat.
1223 1555 1308 1628 Om-

312 1673 389 1782 nia,
414 1707 502 1783 quae
527 1679 646 1781 potui,
670 1678 708 1756 iu
733 1673 799 1750 hac
825 1689 959 1750 summa
986 1691 1045 1750 tua
1064 1680 1172 1778 gratia
1191 1707 1232 1754 ac
1248 1708 1310 1781 po-

313 1810 422 1886 tentia
438 1811 479 1910 ¹⁸,
494 1833 514 1880 a
532 1819 567 1880 te
588 1808 791 1915 impetrare,
815 1806 844 1878 si
867 1806 1066 1918 petiissem,
1091 1803 1183 1879 ultro
1209 1821 1242 1880 te
1262 1811 1308 1882 ad

313 1963 370 2012 ure
403 1933 568 2012 detulisse
592 1932 745 2032 putabo,
773 1933 804 2004 si
835 1930 932 2007 hanc·
960 1957 1033 2006 reru
1064 1933 1308 2033 impetravero.

313 2060 405 2136 lttud
429 2061 503 2136 sore
529 2059 594 2134 tibi
619 2058 823 2138 adiumento
841 2081 970 2156 spero,
995 2059 1093 2134 cuius
1122 2061 1199 2160 ipse
1223 2063 1310 2136 Cae-

313 2209 369 2262 sar
394 2211 468 2260 esse
493 2188 648 2288 optimus
673 2185 778 2257 iudex
803 2193 938 2284 ¹potest:
952 2205 1102 2284 'semper
1125 2187 1311 2262 Caesarem

312 2315 439 2414 Capito
466 2313 575 2386 coluit
599 2297 636 2385 et
660 2311 788 2386 dilexit.
807 2309 988 2427 iSed'ipse
1007 2312 1164 2386 urlinus
1189 2311 1238 2386 rei
1264 2330 1311 2388 te·

313 2439 374 2514 stis
400 2454 464 2515 est:
490 2440 575 2514 novi
600 2439 752 2514 hominis
776 2438 1139 2540 memoriaruultaque
1164 2440 1252 2535 nihil
1278 2455 1311 2515 te

314 2567 434 2642 doceo.
460 2550 615 2641 Tantum
640 2565 705 2639 tibi
730 2551 858 2638 sumito
876 2552 1200 2673 ²⁰''prolCapitone
1217 2567 1313 2667 apud

313 2696 513 2794 Caesarem,
529 2708 699 2794 quantum
715 2693 832 2792 ipsum
850 2676 1048 2791 meminisse
1066 2695 1203 2768 senties.
1220 2697 1311 2794 Ego,

314 2819 410 2918 quod
435 2820 472 2890 iu
497 2820 657 2918 meipso
682 2819 830 2917 experiri
855 2821 955 2918 potui
968 2835 1010 2916 ²¹,
1028 2819 1073 2893 ad
1090 2833 1125 2892 te
1143 2820 1309 2896 deferam:

314 2945 351 3016 in
381 2969 424 3017 eo
457 2957 629 3044 quantum
660 2945 706 3016 sit
732 2942 920 3043 ponderis,
954 2961 993 3020 tu
1017 2945 1162 3023 videbis
1194 2951 1310 3040 Quam

313 3083 448 3169 partem
474 3071 510 3140 in
535 3079 573 3140 r'e
599 3065 739 3167 publica
765 3095 975 3172 causamque
1001 3071 1231 3172 defenderim,
1247 3101 1311 3174 per

313 3173 401 3298 duos
425 3195 585 3268 homines
611 3193 821 3296 ordinesque
840 3189 1009 3292 steterim,
1027 3199 1222 3304 quibusque
1238 3227 1311 3274 mu·

313 3325 405 3400 uitus
421 3337 452 3371 ²²
469 3323 609 3422 fuerim,
626 3346 699 3396 non
724 3323 871 3420 ignoras.
899 3325 977 3398 Hoc
1003 3326 1086 3399 mihi
1115 3325 1221 3402 velim
1242 3355 1312 3404 cre

313 3450 391 3523 das:
417 3450 446 3521 si
472 3447 558 3552 quid
583 3449 724 3524 fecerim
749 3449 818 3523 hoc
843 3453 984 3552 ipso'in
1008 3452 1102 3528 bello
1122 3457 1244 3542 ,miuus
1269 3484 1310 3530 ex

312 3577 469 3654 Caesaris
494 3575 675 3652 voluntate
682 3635 693 3677 ,
710 3577 808 3676 quod
832 3562 1059 3656 intellexerim
1083 3584 1171 3657 scire
1196 3586 1310 3685 ipsum

310 3703 496 3781 Caesarem
520 3729 577 3780 me
603 3705 849 3780 invitissimum
868 3705 1013 3806 fecisse,
1036 3709 1074 3782 id
1100 3710 1165 3784 feci
1180 3713 1213 3760 ²³
1231 3711 1311 3786 alio·

313 3853 391 3901 rum
423 3830 586 3930 consilio,
618 3832 780 3930 hortatu,
813 3836 1040 3908 auctoritate:
1066 3835 1163 3938 quod
1188 3837 1309 3910 firerim

313 3953 526 4032 moderatior
555 3960 867 4063 temperatiorque,
898 3987 1003 4064 quam
1033 3965 1070 4036 in
1095 3987 1136 4036 ea
1161 3961 1309 4064 parte*
