2850 4952
331 501 434 593 ‘Hi'
661 507 839 564 moroan
853 509 995 560 coms.
1108 507 1140 556 ιι
1156 511 1192 564 r.
1208 509 1238 555 c.
1256 511 1306 571 „s

331 625 437 722 Asia,
471 645 575 724 quam
600 615 707 722 etiam
731 613 863 728 Arbeia
879 615 913 720 ⁶3
938 625 996 710 te,
1017 611 1226 728 ,¹¹t,.9Pi¹¹⁰r2
1251 612 1330 712 ipso
1415 687 1416 704 χ

331 749 469 848 legator
489 771 529 818 ac
548 741 784 843 deprecatore.
799 738 945 820 Amissis
962 751 1077 810 autem
1097 735 1330 835 temporibus,

333 899 423 978 qnae
448 870 636 972 plurimum
663 865 796 964 valent,
814 863 1026 964 praesertim
1051 862 1088 934 in
1104 859 1204 934 bellis
1222 860 1331 934 cirili·

331 997 417 1098 bus,
432 985 660 1096 interpositus
678 1018 789 1066 annus
807 986 893 1063 alios
916 987 1071 1088 induxit,
1087 1001 1127 1060 ut
1143 987 1330 1061 victoriam

331 1135 535 1226 ‘sperarent3
569 1119 654 1194 alios
666 1173 677 1218 ,
708 1131 749 1192 nt
779 1119 895 1218 ipsum
927 1115 1022 1190 rioci
1052 1127 1328 1191 contemnerent

330 1253 445 1351 Atque
468 1248 596 1320 ironam
621 1244 793 1318 maiorum
823 1241 981 1316 omnium
1014 1239 1156 1342 culpam
1189 1240 1328 1315 fortuna

309 1376 487 1449 'sustinet
511 1375 602 1464 Quis
627 1352 720 1444 enim
746 1383 806 1444 aut
830 1365 1055 1442 Alexandrini
1083 1364 1168 1440 belli
1193 1381 1328 1440 tantam

330 1525 463 1572 moram
489 1495 571 1572 buic
595 1495 689 1572 hello
715 1496 918 1582 adiunctum
934 1492 975 1568 iri
981 1551 993 1596 7
1010 1507 1071 1567 ant
1086 1495 1205 1570 nescio
1223 1519 1328 1596 quem

329 1627 435 1714 istum
460 1623 677 1712 Pharnacem
704 1603 805 1708 Asiae
832 1623 1031 1695 terrorem⁸
1057 1619 1236 1699 illaturum
1261 1646 1327 1725 pu·

329 1750 440 1836 tereti
465 1750 539 1836 Nos
564 1763 701 1850 tamen,
724 1749 762 1837 in
788 1747 934 1834 consilio
958 1747 1052 1848 pari,
1069 1772 1152 1829 casu
1167 1743 1328 1826 dissimili

329 1879 382 1952 usi
409 1901 537 1958 sarnus,
570 1876 626 1960 Tu
658 1875 752 1959 enirn
787 1885 1029 1973 campartem
1052 1871 1193 1972 petisti,
1226 1884 1268 1944 ut
1292 1885 1330 1946 et
1415 1939 1416 1946 ,

330 2001 513 2074 eousiiiisu
535 2002 740 2100 interesses,
762 2015 816 2099 et,
840 1997 939 2100 quod
962 1998 1111 2072 maxime
1135 2023 1257 2070 curam
1281 1995 1329 2070 le·

273 2165 279 2228 p
329 2140 407 2226 vat,
442 2126 559 2201 sutura
592 2129 709 2200 animo
745 2127 947 2240 prospicere
978 2149 1109 2226 posses.
1140 2123 1241 2222 Ego,
1267 2125 1329 2226 qui

327 2251 507 2353 festinavi,
532 2263 573 2326 ut
597 2251 781 2340 Caesarem
804 2253 842 2324 in
858 2249 957 2324 Italia
973 2249 1130 2326 riderem
1147 2251 1217 2337 (sic
1234 2250 1328 2323 enim

328 2359 612 2481 arbitrabamur),
632 2405 798 2486 eumque,
823 2375 940 2455 multis
966 2367 1219 2463 honestissimis
1245 2377 1327 2450 viris

328 2489 564 2606 conmotis,
596 2489 822 2604 redeuntem,
846 2495 892 2588 ad
917 2492 1040 2613 pacem
1069 2494 1267 2588 currentem
1288 2519 1328 2598 ¹⁰,

326 2643 367 2711 ιιι
390 2630 508 2728 aiunt,
531 2613 731 2727 inriorem
756 2630 801 2718 ab
828 2629 890 2718 ilio
913 2629 1112 2728 longissime
1130 2641 1168 2702 et
1187 2627 1328 2727 absum,

216 2781 220 2790 ·
325 2766 362 2826 et
386 2751 488 2831 abfui.
513 2755 647 2844 Vereor
678 2769 796 2832 autem
827 2757 864 2832 in
899 2758 1028 2854 gemitu
1052 2754 1197 2853 Italiae,
1228 2759 1273 2830 ut'
1289 2755 1329 2828 in

324 2874 420 2950 urbis
443 2879 646 2964 miserrimis
678 2881 826 2984 querelis
845 2897 891 2955 ¹¹:
925 2881 1051 2985 quibus
1083 2879 1218 2983 aliquid
1246 2881 1326 2982 opis

324 2999 470 3076 fortasse
496 3029 562 3104 ego
586 3032 652 3108 pro
677 3005 773 3116 mea,
797 3021 835 3082 tu
861 3027 928 3110 pro
954 3025 1028 3107 tua,
1052 3033 1118 3111 pro
1144 3033 1207 3082 sua
1234 3009 1327 3110 quis·

323 3153 402 3248 que·
422 3143 522 3232 parte
554 3131 642 3222 serre
675 3135 868 3246 potuisset,
900 3137 927 3210 si
960 3149 1083 3209 auctor
1108 3131 1265 3207 affuisset
1284 3148 1324 3207 ¹².

321 3253 440 3358 Quare
465 3255 588 3360 velim,
610 3288 678 3376 pro
704 3277 763 3346 tua
788 3277 958 3378 perpetua
987 3289 1065 3362 erga
1093 3288 1148 3334 me
1173 3241 1325 3348 beniuo-

319 3379 445 3480 lentia,
468 3387 599 3474 scribas
625 3388 671 3462 ad
697 3417 770 3488 me,
796 3389 883 3492 quid
905 3388 1043 3487 rideas,
1071 3368 1156 3490 quid
1181 3389 1326 3488 sentias,

320 3507 407 3608 qnid
438 3515 714 3611 exspectandum
733 3517 773 3615 ¹³,
799 3515 890 3616 quid·
917 3513 1090 3614 egendum
1119 3514 1225 3590 nobis
1249 3516 1325 3591 exi-

318 3635 447 3710 stimes.
473 3639 593 3737 Magni
617 3657 721 3718 erunt
744 3641 831 3714 milri
856 3653 937 3712 tuae
963 3639 1099 3714 literae:
1124 3655 1231 3744 atque
1257 3642 1326 3717 uti·

315 3781 399 3832 nam
425 3761 546 3860 primis
572 3765 639 3840 illis
654 3767 695 3866 ¹4,
721 3793 806 3871 quas
831 3767 975 3841 Luceria
1003 3768 1161 3865 miseras,
1186 3768 1324 3867 paruis·

317 3892 412 3957 sem!
446 3887 527 3961 Sine
560 3891 629 3966 ulia
662 3894 755 3966 enim
787 3893 945 3970 molestia
972 3893 1177 3992 dignitatem
1202 3919 1323 3967 meam

317 4009 545 4088 retinuissem.
572 4017 670 4091 Vale.
