2932 4954
515 443 550 488 tu
577 439 765 488 cousensus
1070 419 1143 518 539

177 571 229 607 ure
240 547 331 628 flecta
350 543 495 614 aetdiom‚·
509 563 576 625 epp.
590 543 770 602 DCCXXlll
786 553 815 602 et
828 539 968 623 DCLlll,
988 565 1010 602 ι.
1025 544 1142 604 Schla.

179 657 244 715 Hoc
265 655 385 714 nomine
407 649 621 734 Pelopidarum
641 647 785 732 siguificat
806 650 1006 710 Caesarianos

134 764 155 825 5
178 763 245 824 vid.
267 761 306 822 ad
326 781 372 843 ep.
396 759 483 818 CDL.

135 871 159 931 6
181 872 274 947 Quasi
296 887 409 928 novum
430 865 590 948 quiddam:
611 865 803 948 proverbium
825 887 920 926 exeo
941 877 1043 926 natum
1060 867 1144 950 qtrod

178 999 266 1037 rarae
286 995 355 1035 oves
376 971 471 1034 albae.
495 972 609 1033 Manet.

136 1109 154 1166 7
178 1087 239 1145 Per
258 1083 408 1166 prolepsin
428 1101 520 1166 opera
541 1079 670 1163 appellat
691 1101 768 1160 quae
790 1091 904 1142 tuntum
918 1081 1029 1164 scripta
1043 1093 1143 1162 erunt,

178 1195 317 1254 amariori
349 1188 521 1272 hyperbole.
549 1189 610 1249 lem
639 1187 677 1248 ad
699 1189 865 1250 Varronem
891 1192 1046 1272 scripseset
1071 1189 1142 1272 (ep.

178 1297 356 1378 CDXLVI)
377 1298 435 1358 hoc
456 1301 520 1383 ipso
541 1317 619 1355 anno
639 1317 671 1356 se
692 1296 722 1356 in
742 1295 848 1357 studiis
868 1299 930 1357 sut's
956 1298 1143 1358 libentissime

178 1409 391 1490 conquiescere.
404 1405 559 1487 Scripsisse
569 1416 670 1465 autem
681 1405 855 1464 Partitioues
865 1405 1023 1480 oratorias,
1035 1403 1143 1464 deindo

177 1514 314 1575 Laudem
337 1511 474 1586 Catonis,
496 1523 562 1572 tum
582 1515 723 1585 Battum,
746 1515 807 1572 sive
833 1512 871 1572 dc
895 1513 988 1572 eloris
1008 1527 1141 1583 croton,

176 1631 279 1682 netu-et
299 1619 455 1682 Fabricius
475 1621 505 1680 in
525 1622 585 1682 vite
606 1619 757 1680 Ciceronis
778 1619 817 1680 ud
837 1619 918 1680 huno
940 1641 1061 1681 aunum.

133 1731 157 1792 8
179 1731 244 1790 Nou
266 1749 336 1789 esim
349 1749 398 1788 me
413 1749 476 1789 esse
485 1730 540 1819 ¹qui
554 1728 673 1788 viderer
687 1731 716 1788 in
730 1731 802 1788 meis
816 1727 906 1788 libris.
923 1728 1029 1788 Gmev.
1043 1728 1144 1810 Vulgo

175 1837 205 1897 d.
227 1851 295 1897 triae
316 1835 415 1898 dicere
435 1849 461 1896 te
482 1847 537 1896 etc.
558 1835 738 1918 pleonestica
761 1835 874 1906 locutio
898 1849 926 1895 te
950 1854 992 1896 ex
1012 1855 1144 1895 serutoue

177 1945 291 2004 dicere:
313 1955 342 2004 et
362 1943 459 2004 dicere
479 1955 583 2004 nutum
604 1965 621 2003 e
643 1942 753 2027 glossa,
780 1941 862 2026 quod
888 1956 1027 2004 moriente
1047 1941 1153 2003 Grae-'

176 2055 226 2114 vio
247 2055 373 2113 extrusit
393 2051 555 2111 Emestius.

131 2185 155 2245 9
176 2163 277 2240 Quum
298 2181 386 2220 nuuc.
409 2159 494 2220 Hanc
513 2155 641 2240 figurem
663 2157 757 2220 hahes
776 2179 823 2242 ep.
846 2157 956 2219 CDLX
976 2161 1037 2220 init.
1067 2157 1143 2218 Con.

140 2289 177 2330 to
199 2267 317 2328 Scilicet
337 2287 421 2327 mens
441 2265 522 2326 bonu
543 2277 573 2327 et
593 2287 672 2326 saite.

140 2397 172 2436 ιι
197 2376 295 2459 Vere3
316 2372 357 2435 sic
378 2395 443 2458 epp.
465 2373 595 2459 DLVll,
616 2375 653 2454 43
674 2373 847 2455 neuv1u3
873 2371 1047 2434 DCCCLVl
1067 2383 1142 2433 extr.

175 2481 245 2543 vid.
268 2505 313 2566 ep.
335 2483 460 2562 CDLX,
480 2493 543 2543 not.
565 2501 592 2542 α.

140 2613 174 2651 ια
196 2591 245 2651 Ex
265 2591 311 2650 his
340 2591 438 2652 verbis
468 2589 536 2652 licet
565 2588 703 2670 colligere
735 2588 817 2669 quod
843 2586 933 2668 aliqui
964 2589 1143 2646 recentiores

177 2701 276 2778 ciunt,
298 2719 335 2758 eo
355 2701 458 2758 aetatis
479 2709 510 2758 et
530 2699 591 2758 vitii
612 2718 675 2756 rem
697 2717 850 2755 romanum
878 2693 1044 2770 devenisse,
1065 2703 1099 2752 ut
1120 2695 1143 2752 si

175 2807 287 2866 caesar
308 2827 368 2866 nou
389 2805 505 2888 luisset,
526 2805 599 2864 elius
621 2815 700 2864 certe
722 2823 789 2864 eum
807 2823 962 2863 cenorum
983 2801 1141 2862 debuisset.

176 2913 251 2973 ldeo
271 2913 429 2976 Caesarem
450 2913 498 2972 hic
519 2915 594 2973 sicut
614 2911 683 2972 olibi
706 2923 833 2973 excuset.
858 2909 941 2972 Libri
962 2921 1032 2971 vett
1053 2908 1143 2987 aliqui

174 3035 206 3082 ut
222 3022 389 3104 praeteritis
408 3043 467 3082 non
487 3022 574 3104 sitq.

547 3235 737 3296 cDLxxttt.

140 3472 150 3510 t
176 3449 285 3510 Ambb.
301 3449 363 3510 fere
379 3469 482 3510 omnes
499 3471 568 3511 cuin
583 3449 642 3510 Zel.
656 3431 698 3530 l,
718 3450 788 3510 Rec.
809 3447 856 3509 ed.
870 3447 950 3509 Meci
965 3443 1141 3532 quatriduo,-

175 3557 237 3620 scit.
259 3579 295 3618 ex
315 3560 490 3641 repetitione
511 3571 559 3622 τοῦ
580 3577 682 3641 queam.

135 3667 243 3726 uMss.
266 3665 357 3747 aliqui
377 3667 483 3739 Leuso,
505 3665 551 3726 vel
576 3665 682 3738 Certo,
705 3663 752 3724 rel
774 3665 872 3726 lletlto.
899 3665 972 3724 Mox
996 3682 1053 3745 pro
1074 3661 1144 3722 Plri-

177 3775 254 3834 leros
275 3771 384 3834 Ambb.
407 3794 511 3835 omnes
532 3773 640 3855 aliique
653 3771 720 3832 libri
734 3781 805 3834 vett.
819 3771 942 3832 Piloros.
957 3771 1017 3830 Nec
1030 3781 1144 3830 temere

175 3883 442 3964 suspicaverimus,
463 3881 636 3940 rubellzrito
657 3899 720 3940 esse
735 3901 751 3940 e
766 3878 871 3961 glossa.

135 3991 154 4049 3
176 3989 224 4050 Sic
239 4011 307 4050 mss.
323 3987 404 4070 opud
424 3989 540 4050 Emest.
567 4001 597 4050 et
623 3988 770 4066 Correo,
798 3985 906 4069 quibus
927 3997 1068 4047 consonet
1088 4003 1144 4044 uo-
