2910 4954
307 375 379 480 apa
626 399 796 449 sersaoni
822 401 975 449 cuuxxu.
1085 399 1116 457 a.
1135 403 1168 448 v.
1187 403 1216 450 c.
1234 415 1283 463 m

306 503 459 606 solebat,
475 503 589 608 qnod,
607 505 707 606 quasi
733 529 834 578 avem
860 502 976 576 albam
989 505 1016 600 ⁶,
1033 501 1199 588 videnmr
1216 502 1310 578 bene

304 634 512 710 sentientem
538 633 652 707 civem
677 607 820 728 videre,
851 629 946 704 abdo
977 655 1033 702 me
1057 632 1096 702 iu
1118 629 1310 704 bibliothe-

304 787 391 838 eam.
416 762 539 862 Itaque
565 777 698 860 operas
725 756 839 831 efficio
865 771 981 857 tanta,
1003 771 1135 859 quarm
1160 755 1309 832 fortasse

302 899 343 970 tu
367 888 506 962 senties.
531 885 691 970 Intellexi
710 887 805 966 enim
822 911 864 968 ex
882 897 944 958 tuo
961 909 1123 958 sermone
1140 882 1310 986 quodam,

303 1040 412 1116 quum
435 1039 551 1088 meam
576 1013 788 1087 moestitiam
814 1024 851 1084 et
868 1009 1149 1111 desperationem
1166 1037 1308 1085 accusa.

301 1165 358 1216 res
384 1139 481 1218 domi
506 1154 610 1240 tuae,
643 1153 677 1213 te
703 1164 747 1215 ex
772 1139 860 1212 meis
885 1137 981 1216 libris
1008 1137 1164 1218 animum
1188 1161 1308 1222 meum

303 1265 500 1340 desiderare
514 1269 539 1338 Β.
558 1265 629 1340 Sed
653 1265 851 1340 mehercule
876 1276 913 1338 et
937 1277 1013 1337 tum
1032 1289 1106 1337 rem
1125 1262 1308 1364 publicam

299 1391 483 1494 lugebam,
507 1419 596 1496 quae
619 1419 694 1482 non
711 1392 825 1469 solum
842 1392 912 1472 suis
930 1416 1011 1492 erga
1028 1416 1100 1489 me,
1118 1389 1307 1466 sedetiam

300 1519 388 1592 meis
413 1545 494 1618 erga
518 1546 557 1594 se
581 1519 759 1602 beneficiis
784 1533 860 1594 erat
883 1516 970 1594 mihi
995 1519 1155 1618 cariore,
1171 1533 1207 1592 et
1234 1517 1305 1592 lrou

300 1657 480 1748 tempore,
504 1671 718 1751 qaramquam
741 1672 798 1719 me
823 1669 898 1719 non
922 1645 1013 1720 ratio
1027 1659 1056 1704 ⁸⁰
1080 1641 1196 1752 solum
1222 1670 1306 1718 con,

301 1770 450 1872 solatur,
475 1799 564 1876 quae
590 1773 781 1876 plurimum
806 1769 913 1844 dehet
938 1771 1071 1871 valere,
1102 1770 1166 1844 sed
1197 1773 1304 1848 etiam

302 1896 377 1972 dies
396 1915 436 1998 ¹¹,
462 1923 552 2000 quae
576 1900 692 1974 stultis
722 1925 863 2001 quoque
896 1896 1029 1972 mederi
1053 1897 1161 1999 solet,
1185 1911 1304 1980 tamen

302 2020 424 2122 doleo,
449 2025 498 2097 ita
523 2051 598 2098 rem
623 2049 847 2098 communem
872 2049 948 2098 esse
975 2023 1170 2126 dilapsam,
1194 2037 1236 2096 nt
1258 2049 1304 2098 ne

300 2173 382 2249 spes
408 2148 567 2251 qiridam,
589 2149 714 2224 melius
739 2149 929 2253 aliquando
955 2150 1046 2250 fore,
1076 2149 1301 2253 relinquatur.

298 2272 376 2350 Nee
399 2300 486 2351 vero
511 2301 606 2351 nuno
632 2275 775 2379 quidem
800 2276 903 2378 eulpa
928 2277 966 2350 in
991 2301 1034 2351 eo
1060 2291 1130 2376 est,
1147 2279 1184 2350 in
1203 2279 1301 2351 cuius

299 2415 476 2514 potestate
510 2405 628 2490 omnia
660 2416 743 2492 sunt
768 2405 863 2494 (nisi
896 2404 985 2478 sorte
1016 2403 1055 2479 id
1085 2405 1202 2505 ipsum
1228 2429 1301 2479 esse

299 2553 374 2608 non
407 2529 528 2612 debuit
544 2542 573 2628 >3
608 2531 672 2610 sed
709 2531 776 2614 alis
813 2558 914 2634 casu,
950 2529 1016 2606 alia
1051 2531 1156 2605 etiam
1181 2545 1301 2605 nostra

298 2653 403 2760 culpa
435 2657 487 2732 sio
521 2657 748 2762 acciderunt,
779 2672 820 2744 ut
853 2658 897 2742 de
930 2659 1126 2760 praeteritis
1156 2659 1300 2742 nonsit
1427 2711 1428 2741 r

298 2779 566 2879 querendumn.
584 2783 766 2887 Reliquam
782 2813 882 2888 spem
898 2785 1032 2862 nullam
1048 2785 1163 2862 video.
1182 2788 1299 2882 Quare
1426 2837 1427 2840 =

297 2902 346 2979 ad
368 2905 622 3006 primnredeo.
648 2911 833 3013 Sapienter
857 2913 945 2994 haec
968 2913 1154 3018 reliquisti,
1171 2914 1202 2996 si
1220 2939 1299 2991 eom
1425 2929 1426 2948 ¹

297 3027 398 3131 si1i03‘
418 3030 581 3137 feliciter,
605 3035 635 3116 si
661 3063 753 3122 casu,

682 3291 915 3378 CDLXXIH·
1027 3337 1083 3395 (As
1098 3337 1150 3385 niv.
1167 3336 1213 3396 rx,
1231 3337 1274 3394 ss)

291 3463 513 3546 Argumentum.
531 3491 541 3530 ι
559 3472 687 3538 Duabus
707 3473 840 3556 epistolis
861 3473 1038 3556 respondet;
1055 3475 1151 3556 priori
1165 3473 1204 3534 de
1224 3471 1293 3534 vali

332 3571 453 3646 urdine,
471 3587 502 3638 et
521 3575 559 3638 de
580 3579 660 3642 illius
681 3583 711 3640 iu
725 3600 757 3648 se
770 3599 891 3652 eruore,
904 3599 941 3641 ee
954 3579 1153 3655 iucunditate;
1168 3599 1187 3652 a
1201 3579 1293 3648 elteri.
1417 3573 1419 3670 l

331 3677 407 3744 nihil
427 3682 558 3758 referre.
577 3697 679 3750 utrum
701 3687 816 3748 Romae
837 3690 887 3760 sit,
908 3709 947 3752 nn
968 3687 1109 3772 Neapoli,
1123 3707 1219 3770 quum
1233 3685 1291 3758 Re

331 3801 397 3858 mse
417 3793 506 3864 unius
527 3804 604 3858 nutu
624 3806 768 3876 regantur·
788 3797 899 3866 omnin,
