2932 4954
518 413 555 462 m
584 410 772 462 nrrsronss
1073 391 1147 497 529

146 537 178 574 ss
204 516 238 575 lu
258 512 414 576 oonsrslatu
434 533 480 572 an.
494 513 611 574 DCCll.
624 513 740 584 Salute,
760 514 819 574 scil.
840 517 1023 580 restitutione
1043 523 1075 580 in
1094 543 1147 604 pa·

186 626 296 702 triam,
317 641 384 705 epp.
405 620 573 682 CDLXXX
593 631 624 682 et
642 620 770 684 DXXV.

150 753 185 792 sa
209 731 294 792 Vnus
314 728 402 792 amb.
414 727 535 810 factrus
554 749 623 800 ecc-5
645 728 693 790 alii
713 747 780 790 mss
800 726 922 811 quidam
933 729 990 812 sas
1009 735 1096 794 exist.

148 839 184 898 13
206 837 324 898 Scilicet
342 847 462 919 praeter
478 838 694 900 restitutionem
706 837 847 898 Marcelli.
862 837 960 920 Supra
972 847 1042 902 vett.
1055 841 1147 923 aliqui

183 957 318 1027 coeptum
338 944 384 1006 sit.

147 1053 183 1128 ¹4
205 1052 276 1129 Qua
295 1054 325 1112 in
345 1049 501 1111 consulatu
522 1051 663 1113 adversus
684 1051 842 1112 Caesarem
865 1055 962 1134 ipsum
989 1074 1060 1116 usus
1080 1053 1146 1116 fue-

183 1171 251 1238 rat,
269 1168 359 1240 atquc
379 1161 410 1218 in
429 1160 532 1242 primis
558 1179 653 1242 quum
678 1159 857 1220 mittendum
883 1159 924 1220 illi
946 1181 1147 1224 successorem

181 1269 303 1328 censuit.
326 1265 451 1330 conas
472 1265 542 1328 Vid.
562 1287 610 1348 ep.
630 1288 695 1349 sup.
715 1279 777 1328 not
803 1287 847 1328 rs.
957 1350 962 1358 ι

145 1372 182 1435 ι5
202 1374 314 1434 Victor.
335 1393 353 1434 e
373 1393 441 1434 mss.
463 1373 555 1434 edidit
574 1395 611 1434 ne
629 1374 736 1434 ominis
750 1395 780 1456 q.
794 1393 904 1447 caussa,
918 1374 1001 1456 quod
1015 1375 1147 1438 defendit

181 1491 213 1542 et
232 1479 389 1542 confirmat
409 1479 549 1563 exemplis
569 1480 691 1560 hamb„
712 1493 742 1542 et
763 1481 785 1542 l.
806 1481 841 1542 F.
855 1483 1026 1544 Gronovius
1046 1483 1147 1568 expla·

183 1599 252 1648 nat:
285 1611 322 1650 nc
342 1587 456 1650 malum
476 1609 565 1652 omen
585 1589 672 1652 daret
697 1589 804 1653 Iumris
829 1590 1011 1672 actionibus,
1030 1593 1054 1650 si
1073 1592 1147 1672 quid

182 1697 297 1757 senatui
317 1698 434 1776 roganti
455 1706 598 1778 negasset.

146 1802 184 1864 16
204 1803 298 1886 lpsius
318 1804 359 1864 Μ.
381 1803 513 1864 Marcelli
534 1804 647 1884 frater3
668 1804 725 1866 vid.
746 1805 786 1866 ad
807 1827 853 1887 ep.
874 1805 1019 1867 CCXVll.

143 1933 182 1990 ¹7
205 1910 273 1972 scil.
295 1921 432 1990 sanauss,
451 1922 485 1972 ut
505 1914 536 1972 in
555 1911 703 1994 aliquibus
724 1933 801 1974 mss..
813 1911 948 1994 additur,
969 1915 1108 1974 nimirum
1128 1935 1146 1974 e

184 2017 291 2099 glossa.

146 2123 181 2186 ιθ
203 2127 237 2184 L.
258 2123 428 2186 Volcatium
449 2125 590 2205 Tullum,
610 2129 708 2188 virum
726 2128 920 2190 consularem.
936 2129 1040 2190 Nescio
1052 2151 1146 2210 quare

182 2231 339 2294 Schlitsius
360 2232 436 2294 duos
456 2234 565 2296 Lucios
586 2233 712 2317 Tullus,
737 2247 768 2297 et
793 2235 875 2298 hunc
894 2257 913 2295 a
933 2236 1079 2298 consulari
1100 2236 1147 2296 di-

184 2361 303 2400 versum
325 2339 413 2401 dicat.

146 2469 184 2529 ¹9
204 2445 271 2506 Hoc
291 2458 348 2529 cst,
362 2469 393 2508 se
409 2458 546 2508 acturum
567 2447 686 2528 Caesari
706 2450 831 2531 gratim,
852 2447 891 2508 ad
912 2448 1063 2530 pedesque
1084 2452 1147 2510 eius

182 2553 345 2636 supplicem
365 2571 553 2616 accessurum
574 2557 604 2614 in
626 2564 737 2615 senatu.
759 2555 804 2615 Eo
824 2557 902 2628 loco,
917 2555 976 2616 scil.
998 2575 1034 2614 ea
1054 2555 1148 2636 digni·

184 2671 244 2722 tate
264 2663 318 2722 viri
340 2661 516 2741 consularis,
536 2661 583 2722 vel
606 2661 726 2745 publice
752 2664 781 2721 in
804 2673 908 2723 mnata
927 2683 1030 2722 coram
1050 2664 1153 2723 omni-'

183 2767 250 2828 bus.
270 2770 442 2830 Lectioucm
462 2769 539 2832 haue
559 2769 749 2852 suppeditant
767 2767 877 2830 umbb.
908 2779 967 2830 tres
987 2789 1056 2830 cum
1076 2770 1147 2830 lieo.

184 2876 286 2958 Vulgo
307 2878 333 2938 r's
353 2879 430 2938 enim
450 2879 479 2938 si
496 2899 531 2940 eo
552 2879 618 2939 loco
639 2891 727 2953 esset,
747 2879 862 2959 negavit
879 2877 1096 2958 refecturum
1118 2887 1150 2938 et

143 3049 148 3058 .
184 2985 277 3046 verba
296 2984 345 3046 illa
364 3009 399 3048 eo
423 2987 489 3046 loco
522 2987 754 3069 interpretantur
783 2985 936 3048 Manutius
966 2985 1092 3067 aliique:
1125 2988 1149 3044 si
1246 3037 1248 3042 .

186 3091 320 3154 Marcelli
341 3093 509 3156 conditione
530 3092 577 3154 rel
596 3103 675 3156 statu
693 3103 777 3154 esset.
797 3094 836 3153 At
850 3113 948 3172 neque
961 3095 1050 3152 ceteri
1065 3103 1150 3152 erant

183 3198 250 3259 loco
271 3199 410 3259 Marcelli.
433 3199 607 3280 Sohiitsius,
627 3209 790 3282 praeeunte
811 3200 1003 3281 Mart-Lag„
1024 3199 1050 3259 is
1070 3199 1150 3260 enim

184 3309 229 3366 sic
249 3327 284 3367 eo
305 3307 371 3368 loco
392 3309 506 3389 negarit
530 3329 562 3370 se
578 3307 609 3389 s
636 3307 694 3370 llic
719 3327 792 3370 vero
812 3327 902 3390 supra
922 3327 978 3389 pro
998 3307 1046 3368 lsr'c
1065 3304 1146 3379 dics,

185 3403 269 3476 dedit
290 3416 316 3474 is
336 3413 409 3476 dr'es.

142 3543 182 3582 co
204 3521 281 3582 Vide
302 3525 543 3605 orationempro
564 3522 605 3582 M.
626 3519 778 3582 Marcello.

142 3649 177 3688 ar
200 3629 323 3710 Metuo,
342 3649 395 3708 ue,
416 3649 511 3710 quum
530 3632 561 3690 in
581 3641 685 3692 mnata
703 3628 785 3711 loqui
799 3630 965 3711 coeperim,
978 3627 1057 3689 idem
1071 3638 1150 3709 post·

181 3734 240 3797 hac
259 3755 347 3818 saepe
368 3757 459 3817 cogar
488 3736 607 3814 lacere,
637 3748 670 3797 ut
694 3735 828 3800 Caesaris
848 3735 992 3798 voluntati
1013 3738 1148 3796 serviam.

182 3841 300 3902 Morsus.
332 3844 403 3902 Duo
430 3843 538 3905 Ambb.
566 3843 675 3926 aliique
702 3865 795 3926 usquc
820 3856 925 3906 muso.
950 3841 1026 3903 Mox
1043 3840 1150 3904 lamb.

184 3949 294 4030 aliique
314 3950 434 4008 uuicrsm
453 3951 602 4010 solarium.

227 4071 334 4133 Crosa.
358 4071 457 4136 VIII.
478 4107 518 4122 -
540 4071 614 4134 Lete.
640 4071 673 4134 T.
698 4071 776 4136 711.
992 4073 1031 4149 34
