2898 4956
324 393 397 492 nod
685 411 856 466 rrrsrons
880 413 970 466 cunr.
1096 413 1126 463 a.
1144 415 1179 466 v.
1196 383 1224 466 c.
1243 429 1290 480 οη

323 519 481 621 tempora
498 515 524 591 l.
549 516 592 590 Id
617 516 813 591 cuiusmodi
838 517 883 590 sit
900 520 926 616 ⁵,
950 517 1084 591 nescio:
1111 531 1248 592 tantum
1265 523 1318 594 vi-

324 647 408 746 deo,
433 644 559 718 nullius
585 641 700 717 adhuc
726 641 872 716 consilia
897 669 953 716 me
978 643 1060 716 hnic
1087 657 1317 745 anteponere,

322 771 390 847 nisl
414 772 502 846 forte
527 771 617 844 mori
641 771 764 844 melius
790 770 864 843 fuit.
889 772 932 844 In
947 769 1093 870 lectulo,
1110 771 1238 869 fateor,
1256 773 1317 848 sed

321 925 394 974 non
411 897 555 972 accidit:
572 900 610 970 in
626 899 699 970 acie
717 921 791 971 non
807 895 857 970 fui
867 899 893 968 ⁶.
910 897 1025 973 Ceteri
1043 896 1199 999 quidem,
1214 900 1318 973 Pom-

320 1028 437 1128 peius,
460 1023 629 1098 Lentulus
654 1037 752 1124 tuus,
777 1021 912 1125 Scipio,
932 1023 1094 1098 Afranius
1126 1022 1231 1098 foede
1258 1050 1316 1125 pe·

320 1154 454 1228 aierunt
471 1172 502 1226 ⁷:
523 1165 561 1225 at
585 1152 675 1227 Cato
700 1149 877 1251 praeclare
893 1151 918 1222 ⁸.
943 1152 1019 1224 Iam
1043 1152 1134 1224 istuc
1161 1149 1316 1252 quidem,

321 1306 429 1382 quum
454 1278 628 1377 volemus,
650 1277 777 1352 licebit.
803 1275 934 1352 Demus
958 1276 1067 1351 modo
1093 1301 1252 1378 operam,
1271 1302 1315 1350 ne

265 1461 269 1466 -
320 1421 394 1480 tam
416 1391 558 1478 necesse
583 1402 685 1478 nobis
710 1404 772 1504 sit,
801 1429 908 1505 quam
938 1401 990 1476 illi
1014 1402 1079 1476 fuit
1097 1421 1129 1475 9:
1154 1402 1194 1476 id
1218 1401 1315 1504 quod

318 1533 459 1629 agimus.
485 1533 581 1628 Ergo
613 1527 681 1604 hoc
715 1529 877 1630 primum.
910 1529 1073 1632 Sequitur
1103 1527 1206 1603 illud:
1239 1530 1315 1630 ipse

317 1655 442 1731 melior
465 1657 527 1756 fio,
551 1657 703 1756 primum
728 1655 938 1754 valitudine,
962 1683 1083 1758 quam,
1108 1656 1313 1728 intermissis

318 1781 638 1880 exercitationibus,
670 1783 872 1881 amiseram,
905 1781 1032 1856 deinde
1064 1781 1141 1882 ipsa
1174 1780 1252 1881 illa,
1284 1782 1313 1854 si

317 1936 386 2011 qua
403 1909 468 1982 fuit
482 1911 521 1982 in
535 1935 610 2008 me,
634 1909 780 1982 facultas
805 1909 989 2008 orationis,
1013 1908 1080 1982 nisi
1104 1933 1161 1982 me
1187 1907 1234 1982 ad
1251 1907 1312 1980 has

299 2037 581 2118 ,exercitationes
598 2035 805 2134 retulissem,
821 2035 1017 2109 exemisset.
1042 2035 1251 2108 Extremum
1276 2031 1312 2105 il·

316 2160 379 2235 lud
403 2176 472 2262 est,
489 2162 587 2266 quod
602 2175 641 2234 tu
660 2161 778 2234 nescio
804 2187 848 2234 an
874 2162 1027 2262 primum
1051 2175 1163 2260 putes.
1189 2158 1311 2234 Plures

314 2288 386 2361 iam
410 2314 566 2390 pavones
592 2289 726 2362 confeci
745 2301 784 2384 ¹⁰,
809 2314 915 2389 quam
940 2301 979 2361 tu
1004 2283 1119 2388 pullos
1140 2285 1310 2359 columbi·
1436 2335 1437 2370 ,

314 2439 388 2489 nos.
422 2417 477 2490 Tu
508 2416 587 2490 istic
621 2429 656 2488 te
680 2415 846 2490 Ateriano
879 2416 952 2487 iure
972 2429 999 2464 ¹¹
1028 2412 1220 2512 delectato,
1246 2437 1310 2511 ego
1436 2411 1437 2442 ⁴

312 2567 370 2614 me
394 2541 452 2616 hic
477 2540 648 2615 Hirtiano.
675 2541 768 2613 Veni
793 2541 911 2639 igitur,
936 2540 965 2612 si
983 2541 1037 2614 vir
1053 2565 1104 2637 es,
1120 2552 1157 2612 et
1174 2537 1310 2612 disce¹¹

311 2671 551 2762 προλεγομένοις,
577 2693 663 2769 quas
696 2667 853 2768 quaeris:
886 2667 949 2738 etsi
975 2691 1034 2738 sus
1058 2665 1256 2738 Minervam
1271 2665 1308 2737 ¹³.

313 2790 383 2863 Sed
408 2789 567 2892 quando,
592 2805 631 2863 ut
656 2789 777 2889 video,
801 2791 1059 2864 aestimationes
1085 2802 1163 2862 tuas
1179 2789 1211 2856 ¹4
1228 2815 1308 2863 ven·

313 2915 395 2990 dere
419 2941 492 2990 non
509 2931 629 3017 potes,
644 2938 757 3018 neque
782 2915 887 2989 ollam
905 2916 1128 2991 denariorum
1144 2915 1308 3017 implere,

311 3043 461 3117 Romam
485 3042 551 3116 tibi
576 3042 833 3142 remigrandum
859 3057 921 3116 est.
947 3042 1062 3116 Satius
1084 3055 1138 3115 est
1154 3041 1214 3117 hic
1232 3063 1307 3116 crd-

313 3169 439 3270 ditate,
464 3196 569 3272 quarn
594 3170 672 3244 istic
696 3169 786 3244 fame
805 3173 844 3241 ³⁵.
870 3169 1001 3269 Viden,
1019 3184 1053 3244 te
1070 3169 1163 3243 bona
1190 3169 1308 3274 perdi-

313 3295 421 3370 disse:
446 3320 549 3397 spero
580 3296 674 3370 idern
700 3299 778 3370 istic
799 3299 828 3348 ¹⁶
853 3293 1036 3370 familiares
1065 3309 1155 3370 tuns.
1179 3297 1308 3370 Actum

310 3421 416 3520 igitur
439 3422 483 3495 de
508 3437 544 3495 te
569 3437 638 3522 est,
662 3424 729 3496 nisi
754 3421 928 3522 provides.
959 3423 1066 3496 Potes
1096 3420 1192 3494 mulo
1218 3423 1306 3531 isto,

311 3575 416 3651 quem
432 3547 497 3622 tibi
513 3549 684 3652 reliquum
703 3549 790 3622 dicis
807 3573 899 3647 esse,
920 3547 1062 3649 quando
1088 3549 1304 3627 cantherium

309 3676 492 3751 comedisti
507 3691 548 3777 ¹7,
563 3677 710 3750 Romam
735 3672 889 3775 pervehi.
916 3671 1005 3746 Sella
1031 3673 1096 3747 tibi
1121 3677 1187 3749 erit
1203 3677 1240 3751 in
1257 3679 1305 3752 lu-

309 3795 374 3897 do,
398 3813 575 3905 tamqnam
601 3797 898 3905 hypodidascalo,
923 3800 1091 3900 proxima.
1118 3801 1208 3876 Eam
1227 3803 1303 3906 pul·

307 3923 409 3996 vinus
434 3944 598 4029 sequetur
613 3931 651 3998 ¹⁸.
