2810 4960
317 415 389 490 332
577 463 578 468 =
613 437 783 486 nunnoni
808 437 994 486 cnnmtv.
1100 437 1131 486 1.
1143 441 1179 506 ν,
1197 441 1227 490 c.
1244 457 1288 506 ,η

314 541 403 616 mihi
432 565 513 614 oum
545 564 589 612 eo
618 539 843 614 intercedunt
871 541 946 611 iura
979 563 1135 612 summae
1165 547 1309 620 nenessi-

315 669 456 743 tndinis.
487 667 580 740 Huic
604 667 642 738 in
675 680 732 738 tua
771 667 953 766 provincia
989 668 1177 767 pecuniam
1212 669 1310 746 debet

312 797 353 870 P.
382 793 573 869 Comelius.
599 795 652 867 Ea
678 819 732 866 res
759 819 779 866 n
804 791 985 892 Volcatio,
1009 796 1072 894 qui
1096 795 1231 870 Romae
1261 798 1309 871 ins

314 919 414 1021 dicit,
437 921 565 994 reiecta
591 920 629 992 in
653 918 805 992 Galliam
828 931 884 992 est
899 919 924 989 ³.
949 919 1039 992 Peto
1064 945 1086 992 a
1111 933 1148 994 te
1170 921 1242 995 hoo
1265 922 1309 995 di-

312 1047 492 1147 ligentius,
516 1071 623 1148 quam
647 1045 677 1119 si
701 1071 780 1117 mea
808 1071 863 1117 res
893 1057 1000 1144 esset,
1026 1071 1099 1147 quo
1124 1060 1180 1120 est
1203 1046 1306 1122 hone·

313 1176 399 1248 otius
432 1173 476 1250 de
508 1172 701 1247 amicorum
731 1173 883 1273 pecunia
914 1169 1091 1272 laborare,
1124 1199 1234 1275 quam
1267 1173 1307 1248 de

313 1328 393 1400 sua,
416 1315 457 1373 ut
480 1301 661 1398 negotium
679 1297 938 1373 conficiendum
963 1323 1081 1398 cures3
1104 1299 1182 1402 ipse
1208 1303 1306 1374 susci-

312 1429 406 1528 pias,
431 1427 616 1525 transigas,
641 1451 855 1527 operamque
881 1423 960 1525 des,
985 1423 1140 1526 quoadi
1165 1424 1233 1500 tibi
1255 1453 1305 1500 ae·

312 1579 421 1655 quum
446 1563 642 1626 otrentum
666 1551 860 1650 videbitur,
886 1563 927 1622 ut
958 1577 1065 1653 quam
1096 1551 1305 1625 commodis-

312 1680 400 1752 sima
425 1677 629 1754 conditione
660 1677 805 1752 libertus
838 1675 1042 1776 Strabonis,
1074 1678 1134 1778 qui
1165 1678 1240 1751 eius
1263 1679 1306 1752 rei

314 1831 419 1882 causa
443 1808 570 1880 missus
595 1819 664 1904 est,
696 1805 877 1905 negotium
913 1803 1100 1902 conficiat,
1130 1799 1179 1877 ad
1211 1830 1305 1878 nnm-

311 1958 459 2035 mosque
483 1933 675 2032 perveniat.
703 1930 748 2004 Id
772 1946 808 2004 et
839 1929 925 2002 mihi
958 1930 1194 2029 gratissimum
1226 1933 1306 2028 en't,

309 2071 348 2132 et
372 2073 410 2132 tu
435 2059 512 2159 ipse
536 2062 576 2132 L.
601 2059 735 2130 Titium
767 2083 957 2157 cognosces
990 2057 1145 2130 amicitia
1176 2071 1236 2131 tun
1259 2057 1302 2129 di

311 2183 524 2284 guissimum.
549 2183 658 2276 Quod
681 2197 721 2256 ut
745 2180 812 2266 tihi·
835 2209 938 2257 curae
962 2184 1023 2284 sit,
1046 2195 1088 2256 ut
1112 2183 1230 2259 omnia
1251 2209 1298 2256 so

310 2309 386 2385 lent
401 2337 492 2410 esse,
515 2336 603 2413 quae
620 2337 677 2385 me
694 2309 783 2386 velle
799 2311 883 2410 scis,
909 2323 944 2384 te
963 2309 1189 2386 vehementer
1204 2311 1296 2384 etiam

311 2451 416 2541 atque
441 2439 549 2512 etiam
573 2462 671 2537 rogo.

686 2689 940 2764 CDLXXXV·
1017 2731 1072 2791 (11
1085 2731 1140 2778 nn.
1155 2731 1222 2792 xm,
1239 2730 1277 2790 ιτ)

272 2933 277 2940 ,
310 2867 529 2946 Argumentum.
556 2867 691 2927 Manium
719 2869 845 2929 Curium
873 2868 980 2930 Servio
1007 2868 1159 2952 Sulpicio,
1180 2866 1295 2930 sehon

349 2972 494 3056 praesidi,
512 2974 712 3036 commendat.

576 3179 631 3234 Sor.
648 3181 743 3235 Romae
760 3182 793 3234 A.
811 3182 845 3236 V.
862 3181 892 3237 C.
911 3181 1039 3236 DCCVH.

408 3380 452 3444 11.
476 3379 513 3444 Τ.
537 3379 681 3446 CICERO
705 3379 788 3447 SER.
813 3381 1025 3447 81111010ι
1050 3382 1081 3448 S.
1105 3381 1140 3446 P.
1164 3383 1220 3447 1)..

355 3567 402 3644 Μ’
424 3569 549 3646 Cutius
567 3586 593 3671 ²,
618 3570 678 3672 qui
701 3571 816 3644 Patris
848 3572 1063 3672 negotiatur,
1093 3567 1234 3672 multis,
1261 3579 1292 3640 et

305 3698 440 3796 magnis
466 3696 510 3772 de
536 3697 648 3771 causis
665 3722 760 3771 ame
786 3696 947 3799 diligitur.
973 3698 1064 3772 Nam
1088 3712 1126 3772 et
1149 3695 1292 3772 amicifin

304 3837 469 3922 pervetus
493 3823 581 3897 mihi
606 3849 687 3900 oum
710 3851 755 3899 eo
779 3839 849 3925 est,
873 3839 914 3898 ut
938 3825 1091 3925 primum
1121 3825 1160 3898 in
1188 3823 1294 3899 iorum

304 3949 403 4022 vonit
419 3952 444 4048 ³,
467 3951 625 4028 instituta
632 3979 644 4050 3
667 3967 705 4028 et
727 3953 861 4053 Patris,
886 3979 996 4055 quum
1028 3952 1212 4055 aliquoties
1241 3973 1296 4022 an·
