<?xml version="1.0" encoding="UTF-8"?>
<!DOCTYPE html PUBLIC "-//W3C//DTD XHTML 1.0 Transitional//EN"
    "http://www.w3.org/TR/xhtml1/DTD/xhtml1-transitional.dtd">
<html xmlns="http://www.w3.org/1999/xhtml" xml:lang="en" lang="en">
 <head>
  <title>
</title>
<meta http-equiv="Content-Type" content="text/html;charset=utf-8" />
  <meta name='ocr-system' content='tesseract 3.04.00' />
  <meta name='ocr-capabilities' content='ocr_page ocr_carea ocr_par ocr_line ocrx_word'/>
</head>
<body>
  <div class='ocr_page' id='page_1' title='image "./mtulliiciceroni66cicegoog/mtulliiciceroni66cicegoog_0029.png"; bbox 0 0 2880 4956; ppageno 0'>
   <div class='ocr_carea' id='block_1_1' title="bbox 318 464 1315 2316">
    <p class='ocr_par' dir='ltr' id='par_1_1' title="bbox 327 464 1290 559">
     <span class='ocr_line' id='line_1_1' title="bbox 327 464 1290 559; baseline -0.005 -10"><span class='ocrx_word' id='word_1_1' title='bbox 327 497 374 550; x_wconf 70' lang='grc' dir='ltr'><strong>υ</strong></span> <span class='ocrx_word' id='word_1_2' title='bbox 657 493 827 547; x_wconf 73' lang='lat' dir='ltr'>rnreronn</span> <span class='ocrx_word' id='word_1_3' title='bbox 853 495 981 545; x_wconf 65' lang='lat' dir='ltr'>eonor,</span> <span class='ocrx_word' id='word_1_4' title='bbox 1099 493 1130 546; x_wconf 70' lang='lat' dir='ltr'>n</span> <span class='ocrx_word' id='word_1_5' title='bbox 1144 497 1180 548; x_wconf 85' lang='lat' dir='ltr'>r.</span> <span class='ocrx_word' id='word_1_6' title='bbox 1196 495 1227 544; x_wconf 89' lang='lat' dir='ltr'>c.</span> <span class='ocrx_word' id='word_1_7' title='bbox 1243 464 1290 559; x_wconf 65' lang='lat' dir='ltr'>{n</span> 
     </span>
    </p>

    <p class='ocr_par' dir='ltr' id='par_1_2' title="bbox 318 596 1315 2316">
     <span class='ocr_line' id='line_1_2' title="bbox 328 596 1315 705; baseline 0.001 -30"><span class='ocrx_word' id='word_1_8' title='bbox 328 603 443 705; x_wconf 81' lang='lat' dir='ltr'>tiaqoe</span> <span class='ocrx_word' id='word_1_9' title='bbox 468 614 527 673; x_wconf 82' lang='lat' dir='ltr'>tun</span> <span class='ocrx_word' id='word_1_10' title='bbox 550 597 766 674; x_wconf 84' lang='lat' dir='ltr'>levabuntur.</span> <span class='ocrx_word' id='word_1_11' title='bbox 805 597 958 674; x_wconf 84' lang='lat' dir='ltr'>Pecunia</span> <span class='ocrx_word' id='word_1_12' title='bbox 997 596 1092 698; x_wconf 84' lang='lat' dir='ltr'>apud</span> <span class='ocrx_word' id='word_1_13' title='bbox 1127 598 1315 697; x_wconf 81' lang='lat' dir='ltr'>Egnatium</span> 
     </span>
     <span class='ocr_line' id='line_1_3' title="bbox 326 722 1313 827; baseline -0.004 -25"><span class='ocrx_word' id='word_1_14' title='bbox 326 743 388 802; x_wconf 78' lang='lat' dir='ltr'>est</span> <span class='ocrx_word' id='word_1_15' title='bbox 413 727 466 800; x_wconf 90' lang='lat' dir='ltr'>Sit</span> <span class='ocrx_word' id='word_1_16' title='bbox 489 753 511 800; x_wconf 84' lang='lat' dir='ltr'>a</span> <span class='ocrx_word' id='word_1_17' title='bbox 534 751 610 827; x_wconf 90' lang='lat' dir='ltr'>me,</span> <span class='ocrx_word' id='word_1_18' title='bbox 634 741 674 800; x_wconf 90' lang='lat' dir='ltr'>nt</span> <span class='ocrx_word' id='word_1_19' title='bbox 699 725 793 800; x_wconf 57' lang='grc' dir='ltr'><strong>θεῖ’.</strong></span> <span class='ocrx_word' id='word_1_20' title='bbox 829 725 951 827; x_wconf 80' lang='lat' dir='ltr'><strong>Neque</strong></span> <span class='ocrx_word' id='word_1_21' title='bbox 990 726 1083 798; x_wconf 88' lang='lat' dir='ltr'>enim</span> <span class='ocrx_word' id='word_1_22' title='bbox 1106 722 1193 824; x_wconf 88' lang='lat' dir='ltr'>hoe,</span> <span class='ocrx_word' id='word_1_23' title='bbox 1218 723 1313 826; x_wconf 92' lang='lat' dir='ltr'>quod</span> 
     </span>
     <span class='ocr_line' id='line_1_4' title="bbox 326 852 1314 955; baseline -0.003 -29"><span class='ocrx_word' id='word_1_24' title='bbox 326 855 438 955; x_wconf 83' lang='lat' dir='ltr'>agitrrr</span> <span class='ocrx_word' id='word_1_25' title='bbox 453 871 480 953; x_wconf 82' lang='lat'>⁹,</span> <span class='ocrx_word' id='word_1_26' title='bbox 505 852 641 928; x_wconf 85' lang='lat' dir='ltr'>videtur</span> <span class='ocrx_word' id='word_1_27' title='bbox 674 853 877 928; x_wconf 89' lang='lat' dir='ltr'>diuturnum</span> <span class='ocrx_word' id='word_1_28' title='bbox 915 877 989 926; x_wconf 82' lang='lat' dir='ltr'>esse</span> <span class='ocrx_word' id='word_1_29' title='bbox 1013 876 1138 954; x_wconf 75' lang='lat' dir='ltr'>posse,</span> <span class='ocrx_word' id='word_1_30' title='bbox 1162 863 1202 924; x_wconf 88' lang='lat' dir='ltr'>ut</span> <span class='ocrx_word' id='word_1_31' title='bbox 1226 852 1314 924; x_wconf 85' lang='lat' dir='ltr'>scire</span> 
     </span>
     <span class='ocr_line' id='line_1_5' title="bbox 325 979 1312 1083; baseline -0.002 -29"><span class='ocrx_word' id='word_1_32' title='bbox 325 981 394 1054; x_wconf 75' lang='lat' dir='ltr'>iam</span> <span class='ocrx_word' id='word_1_33' title='bbox 419 980 563 1081; x_wconf 80' lang='lat' dir='ltr'>possim,</span> <span class='ocrx_word' id='word_1_34' title='bbox 587 979 672 1083; x_wconf 88' lang='lat' dir='ltr'>quid</span> <span class='ocrx_word' id='word_1_35' title='bbox 696 981 846 1058; x_wconf 78' lang='lat' dir='ltr'>maxime</span> <span class='ocrx_word' id='word_1_36' title='bbox 870 1005 961 1083; x_wconf 86' lang='lat' dir='ltr'>opos</span> <span class='ocrx_word' id='word_1_37' title='bbox 985 979 1045 1052; x_wconf 87' lang='lat' dir='ltr'>sit:</span> <span class='ocrx_word' id='word_1_38' title='bbox 1073 981 1138 1052; x_wconf 82' lang='lat' dir='ltr'>etsi</span> <span class='ocrx_word' id='word_1_39' title='bbox 1162 1003 1248 1080; x_wconf 81' lang='lat' dir='ltr'>egeo</span> <span class='ocrx_word' id='word_1_40' title='bbox 1264 1005 1312 1052; x_wconf 88' lang='lat' dir='ltr'>re·</span> 
     </span>
     <span class='ocr_line' id='line_1_6' title="bbox 322 1103 1313 1209; baseline 0 -31"><span class='ocrx_word' id='word_1_41' title='bbox 322 1103 389 1180; x_wconf 80' lang='lat' dir='ltr'>bus</span> <span class='ocrx_word' id='word_1_42' title='bbox 415 1105 592 1207; x_wconf 72' lang='lat' dir='ltr'>omnibus,</span> <span class='ocrx_word' id='word_1_43' title='bbox 618 1105 714 1209; x_wconf 92' lang='lat' dir='ltr'>quod</span> <span class='ocrx_word' id='word_1_44' title='bbox 738 1108 768 1180; x_wconf 86' lang='lat' dir='ltr'>is</span> <span class='ocrx_word' id='word_1_45' title='bbox 788 1124 816 1156; x_wconf 85' lang='lat'>¹⁰</span> <span class='ocrx_word' id='word_1_46' title='bbox 844 1131 984 1209; x_wconf 89' lang='lat' dir='ltr'>quoqne</span> <span class='ocrx_word' id='word_1_47' title='bbox 999 1107 1037 1180; x_wconf 89' lang='lat' dir='ltr'>in</span> <span class='ocrx_word' id='word_1_48' title='bbox 1053 1105 1313 1205; x_wconf 61' lang='lat' dir='ltr'>angustiisjest,</span> 
     </span>
     <span class='ocr_line' id='line_1_7' title="bbox 322 1231 1310 1334; baseline 0 -29"><span class='ocrx_word' id='word_1_49' title='bbox 322 1233 464 1334; x_wconf 87' lang='lat' dir='ltr'>quicum</span> <span class='ocrx_word' id='word_1_50' title='bbox 487 1260 629 1332; x_wconf 66' lang='lat' dir='ltr'>sumus,</span> <span class='ocrx_word' id='word_1_51' title='bbox 660 1234 718 1306; x_wconf 89' lang='lat' dir='ltr'>cui</span> <span class='ocrx_word' id='word_1_52' title='bbox 748 1258 912 1331; x_wconf 84' lang='lat' dir='ltr'>magnam</span> <span class='ocrx_word' id='word_1_53' title='bbox 943 1231 1102 1306; x_wconf 82' lang='lat' dir='ltr'>dedimus</span> <span class='ocrx_word' id='word_1_54' title='bbox 1128 1233 1310 1334; x_wconf 85' lang='lat' dir='ltr'>pecuniam</span> 
     </span>
     <span class='ocr_line' id='line_1_8' title="bbox 321 1355 1311 1459; baseline 0 -29"><span class='ocrx_word' id='word_1_55' title='bbox 321 1373 495 1456; x_wconf 84' lang='lat' dir='ltr'>mutuam,</span> <span class='ocrx_word' id='word_1_56' title='bbox 521 1360 722 1459; x_wconf 81' lang='lat' dir='ltr'>opinantes,</span> <span class='ocrx_word' id='word_1_57' title='bbox 746 1355 866 1458; x_wconf 92' lang='lat' dir='ltr'>nobis,</span> <span class='ocrx_word' id='word_1_58' title='bbox 884 1357 1083 1433; x_wconf 86' lang='lat' dir='ltr'>constitutis</span> <span class='ocrx_word' id='word_1_59' title='bbox 1100 1355 1221 1458; x_wconf 88' lang='lat' dir='ltr'>rebus,</span> <span class='ocrx_word' id='word_1_60' title='bbox 1237 1383 1311 1434; x_wconf 85' lang='lat' dir='ltr'>eam</span> 
     </span>
     <span class='ocr_line' id='line_1_9' title="bbox 322 1483 1313 1585; baseline -0.002 -27"><span class='ocrx_word' id='word_1_61' title='bbox 322 1509 397 1558; x_wconf 79' lang='lat' dir='ltr'>rem</span> <span class='ocrx_word' id='word_1_62' title='bbox 421 1485 525 1556; x_wconf 84' lang='lat' dir='ltr'>etiam</span> <span class='ocrx_word' id='word_1_63' title='bbox 549 1483 678 1558; x_wconf 88' lang='lat' dir='ltr'>honori</span> <span class='ocrx_word' id='word_1_64' title='bbox 703 1483 784 1558; x_wconf 77' lang='lat' dir='ltr'>iore.</span> <span class='ocrx_word' id='word_1_65' title='bbox 810 1485 881 1585; x_wconf 91' lang='lat' dir='ltr'>Tu,</span> <span class='ocrx_word' id='word_1_66' title='bbox 905 1500 946 1559; x_wconf 86' lang='lat' dir='ltr'>ut</span> <span class='ocrx_word' id='word_1_67' title='bbox 970 1499 1073 1560; x_wconf 83' lang='lat' dir='ltr'>antea</span> <span class='ocrx_word' id='word_1_68' title='bbox 1098 1484 1230 1581; x_wconf 78' lang='lat' dir='ltr'>fecisti,</span> <span class='ocrx_word' id='word_1_69' title='bbox 1254 1509 1313 1559; x_wconf 87' lang='lat' dir='ltr'>ve·</span> 
     </span>
     <span class='ocr_line' id='line_1_10' title="bbox 320 1609 1312 1715; baseline 0.001 -34"><span class='ocrx_word' id='word_1_70' title='bbox 320 1609 400 1709; x_wconf 90' lang='lat' dir='ltr'>lim,</span> <span class='ocrx_word' id='word_1_71' title='bbox 425 1611 454 1682; x_wconf 89' lang='lat' dir='ltr'>si</span> <span class='ocrx_word' id='word_1_72' title='bbox 479 1609 539 1711; x_wconf 92' lang='lat' dir='ltr'>qui</span> <span class='ocrx_word' id='word_1_73' title='bbox 564 1623 681 1710; x_wconf 89' lang='lat' dir='ltr'>erunt,</span> <span class='ocrx_word' id='word_1_74' title='bbox 706 1609 753 1682; x_wconf 83' lang='lat' dir='ltr'>ad</span> <span class='ocrx_word' id='word_1_75' title='bbox 782 1635 869 1711; x_wconf 88' lang='lat' dir='ltr'>quos</span> <span class='ocrx_word' id='word_1_76' title='bbox 895 1611 1027 1715; x_wconf 84' lang='lat' dir='ltr'>aliquid</span> <span class='ocrx_word' id='word_1_77' title='bbox 1052 1609 1273 1686; x_wconf 88' lang='lat' dir='ltr'>scribendum</span> <span class='ocrx_word' id='word_1_78' title='bbox 1293 1637 1312 1682; x_wconf 84' lang='lat' dir='ltr'>a</span> 
     </span>
     <span class='ocr_line' id='line_1_11' title="bbox 320 1735 1304 1836; baseline 0.001 -28"><span class='ocrx_word' id='word_1_79' title='bbox 320 1761 378 1808; x_wconf 88' lang='lat' dir='ltr'>me</span> <span class='ocrx_word' id='word_1_80' title='bbox 404 1737 596 1836; x_wconf 73' lang='lat' dir='ltr'><strong>existimes,</strong></span> <span class='ocrx_word' id='word_1_81' title='bbox 620 1737 696 1836; x_wconf 87' lang='lat' dir='ltr'>ipse</span> <span class='ocrx_word' id='word_1_82' title='bbox 722 1739 887 1812; x_wconf 81' lang='lat' dir='ltr'>conficies</span> <span class='ocrx_word' id='word_1_83' title='bbox 902 1755 941 1810; x_wconf 85' lang='lat'>¹¹.</span> <span class='ocrx_word' id='word_1_84' title='bbox 965 1738 1053 1812; x_wconf 86' lang='lat' dir='ltr'>Tuis</span> <span class='ocrx_word' id='word_1_85' title='bbox 1078 1737 1226 1812; x_wconf 78' lang='lat' dir='ltr'>salutem</span> <span class='ocrx_word' id='word_1_86' title='bbox 1250 1735 1304 1810; x_wconf 88' lang='lat' dir='ltr'>die</span> 
     </span>
     <span class='ocr_line' id='line_1_12' title="bbox 319 1861 1314 1968; baseline 0 -32"><span class='ocrx_word' id='word_1_87' title='bbox 319 1863 434 1964; x_wconf 80' lang='lat' dir='ltr'>Cura,</span> <span class='ocrx_word' id='word_1_88' title='bbox 457 1875 498 1936; x_wconf 90' lang='lat' dir='ltr'>ut</span> <span class='ocrx_word' id='word_1_89' title='bbox 522 1862 647 1936; x_wconf 82' lang='lat' dir='ltr'>volens.</span> <span class='ocrx_word' id='word_1_90' title='bbox 673 1865 716 1936; x_wconf 90' lang='lat' dir='ltr'>In</span> <span class='ocrx_word' id='word_1_91' title='bbox 740 1866 879 1965; x_wconf 88' lang='lat' dir='ltr'>primis,</span> <span class='ocrx_word' id='word_1_92' title='bbox 901 1865 955 1965; x_wconf 84' lang='lat' dir='ltr'>id,</span> <span class='ocrx_word' id='word_1_93' title='bbox 974 1863 1072 1968; x_wconf 88' lang='lat' dir='ltr'>quod</span> <span class='ocrx_word' id='word_1_94' title='bbox 1088 1861 1226 1963; x_wconf 88' lang='lat' dir='ltr'>scribis,</span> <span class='ocrx_word' id='word_1_95' title='bbox 1243 1887 1314 1936; x_wconf 89' lang='lat' dir='ltr'>om·</span> 
     </span>
     <span class='ocr_line' id='line_1_13' title="bbox 318 1985 1307 2094; baseline 0.001 -34"><span class='ocrx_word' id='word_1_96' title='bbox 318 1985 423 2062; x_wconf 88' lang='lat' dir='ltr'>nibus</span> <span class='ocrx_word' id='word_1_97' title='bbox 448 1985 552 2063; x_wconf 85' lang='lat' dir='ltr'>rebus</span> <span class='ocrx_word' id='word_1_98' title='bbox 579 2015 661 2063; x_wconf 83' lang='lat' dir='ltr'>curn</span> <span class='ocrx_word' id='word_1_99' title='bbox 688 2005 723 2063; x_wconf 90' lang='lat' dir='ltr'>et</span> <span class='ocrx_word' id='word_1_100' title='bbox 747 1991 911 2092; x_wconf 80' lang='lat' dir='ltr'>provide,</span> <span class='ocrx_word' id='word_1_101' title='bbox 936 2017 981 2066; x_wconf 89' lang='lat' dir='ltr'>ne</span> <span class='ocrx_word' id='word_1_102' title='bbox 1007 1989 1093 2094; x_wconf 92' lang='lat' dir='ltr'>quid</span> <span class='ocrx_word' id='word_1_103' title='bbox 1118 1992 1149 2062; x_wconf 88' lang='lat' dir='ltr'>ei</span> <span class='ocrx_word' id='word_1_104' title='bbox 1165 2005 1193 2042; x_wconf 83' lang='lat'>¹²</span> <span class='ocrx_word' id='word_1_105' title='bbox 1217 1989 1307 2062; x_wconf 82' lang='lat' dir='ltr'><strong>desit</strong></span> 
     </span>
     <span class='ocr_line' id='line_1_14' title="bbox 321 2113 1312 2217; baseline -0.003 -29"><span class='ocrx_word' id='word_1_106' title='bbox 321 2113 365 2188; x_wconf 94' lang='lat' dir='ltr'>de</span> <span class='ocrx_word' id='word_1_107' title='bbox 391 2141 459 2217; x_wconf 85' lang='lat' dir='ltr'>qua</span> <span class='ocrx_word' id='word_1_108' title='bbox 484 2116 551 2190; x_wconf 85' lang='lat' dir='ltr'>scis</span> <span class='ocrx_word' id='word_1_109' title='bbox 576 2143 633 2190; x_wconf 88' lang='lat' dir='ltr'>me</span> <span class='ocrx_word' id='word_1_110' title='bbox 657 2118 887 2192; x_wconf 88' lang='lat' dir='ltr'>miserrimum</span> <span class='ocrx_word' id='word_1_111' title='bbox 912 2145 996 2193; x_wconf 88' lang='lat' dir='ltr'>esse.</span> <span class='ocrx_word' id='word_1_112' title='bbox 1024 2117 1146 2194; x_wconf 89' lang='lat' dir='ltr'>Idibus</span> <span class='ocrx_word' id='word_1_113' title='bbox 1171 2117 1247 2189; x_wconf 89' lang='lat' dir='ltr'>Iun.</span> <span class='ocrx_word' id='word_1_114' title='bbox 1273 2140 1312 2186; x_wconf 85' lang='lat' dir='ltr'>ex</span> 
     </span>
     <span class='ocr_line' id='line_1_15' title="bbox 320 2242 448 2316; baseline -0.016 0"><span class='ocrx_word' id='word_1_115' title='bbox 320 2242 448 2316; x_wconf 83' lang='lat' dir='ltr'>caetris.</span> 
     </span>
    </p>
   </div>
   <div class='ocr_carea' id='block_1_2' title="bbox 709 2497 1418 2597">
    <p class='ocr_par' dir='ltr' id='par_1_3' title="bbox 709 2497 1418 2597">
     <span class='ocr_line' id='line_1_16' title="bbox 709 2497 1418 2597; baseline 0.016 -24"><span class='ocrx_word' id='word_1_116' title='bbox 709 2497 910 2574; x_wconf 67' lang='lat' dir='ltr'>CCCXCII„</span> <span class='ocrx_word' id='word_1_117' title='bbox 1072 2535 1246 2597; x_wconf 73' lang='lat' dir='ltr'>(nannxr,</span> <span class='ocrx_word' id='word_1_118' title='bbox 1259 2533 1291 2596; x_wconf 69' lang='lat' dir='ltr'>t)</span> <span class='ocrx_word' id='word_1_119' title='bbox 1417 2575 1418 2584; x_wconf 73' lang='grc'>,</span> 
     </span>
    </p>
   </div>
   <div class='ocr_carea' id='block_1_3' title="bbox 319 2663 1418 2761">
    <p class='ocr_par' dir='ltr' id='par_1_4' title="bbox 319 2663 1418 2761">
     <span class='ocr_line' id='line_1_17' title="bbox 319 2663 1418 2761; baseline -0.007 -27"><span class='ocrx_word' id='word_1_120' title='bbox 319 2675 538 2754; x_wconf 76' lang='lat' dir='ltr'><em>Argumentum.</em></span> <span class='ocrx_word' id='word_1_121' title='bbox 565 2677 697 2738; x_wconf 85' lang='lat' dir='ltr'>Breviter</span> <span class='ocrx_word' id='word_1_122' title='bbox 725 2679 884 2761; x_wconf 76' lang='lat' dir='ltr'><strong>respondet</strong></span> <span class='ocrx_word' id='word_1_123' title='bbox 910 2675 999 2738; x_wconf 80' lang='lat' dir='ltr'>Attici</span> <span class='ocrx_word' id='word_1_124' title='bbox 1025 2673 1116 2737; x_wconf 82' lang='lat' dir='ltr'>literis</span> <span class='ocrx_word' id='word_1_125' title='bbox 1137 2673 1176 2735; x_wconf 84' lang='lat' dir='ltr'>ab</span> <span class='ocrx_word' id='word_1_126' title='bbox 1197 2673 1311 2737; x_wconf 80' lang='lat' dir='ltr'><strong>Isidoro</strong></span> <span class='ocrx_word' id='word_1_127' title='bbox 1417 2663 1418 2676; x_wconf 54' lang='lat'>¹</span> 
     </span>
    </p>
   </div>
   <div class='ocr_carea' id='block_1_4' title="bbox 358 2782 1238 3058">
    <p class='ocr_par' dir='ltr' id='par_1_5' title="bbox 358 2782 1238 3058">
     <span class='ocr_line' id='line_1_18' title="bbox 358 2782 494 2860; baseline 0 -22"><span class='ocrx_word' id='word_1_128' title='bbox 358 2782 494 2860; x_wconf 75' lang='lat' dir='ltr'>acceptis.</span> 
     </span>
     <span class='ocr_line' id='line_1_19' title="bbox 399 2983 1238 3058; baseline 0.01 -25"><span class='ocrx_word' id='word_1_129' title='bbox 399 2983 451 3036; x_wconf 84' lang='lat' dir='ltr'>Ser.</span> <span class='ocrx_word' id='word_1_130' title='bbox 469 2985 496 3035; x_wconf 90' lang='lat' dir='ltr'>in</span> <span class='ocrx_word' id='word_1_131' title='bbox 514 2985 601 3036; x_wconf 77' lang='lat' dir='ltr'>eastris</span> <span class='ocrx_word' id='word_1_132' title='bbox 618 2983 724 3056; x_wconf 77' lang='lat' dir='ltr'>Pompei</span> <span class='ocrx_word' id='word_1_133' title='bbox 743 2991 772 3041; x_wconf 84' lang='grc' dir='ltr'>Α.</span> <span class='ocrx_word' id='word_1_134' title='bbox 790 2987 823 3040; x_wconf 86' lang='lat' dir='ltr'>V.</span> <span class='ocrx_word' id='word_1_135' title='bbox 841 2989 869 3042; x_wconf 78' lang='lat' dir='ltr'>C.</span> <span class='ocrx_word' id='word_1_136' title='bbox 889 2987 991 3058; x_wconf 82' lang='lat' dir='ltr'>DCCV,</span> <span class='ocrx_word' id='word_1_137' title='bbox 1011 2989 1072 3044; x_wconf 76' lang='lat' dir='ltr'>cire.</span> <span class='ocrx_word' id='word_1_138' title='bbox 1092 2989 1128 3042; x_wconf 79' lang='lat' dir='ltr'>ld.</span> <span class='ocrx_word' id='word_1_139' title='bbox 1145 2987 1238 3058; x_wconf 76' lang='lat' dir='ltr'>Quint.</span> 
     </span>
    </p>
   </div>
   <div class='ocr_carea' id='block_1_5' title="bbox 630 3183 1002 3254">
    <p class='ocr_par' dir='ltr' id='par_1_6' title="bbox 630 3183 1002 3254">
     <span class='ocr_line' id='line_1_20' title="bbox 630 3183 1002 3254; baseline 0.013 -7"><span class='ocrx_word' id='word_1_140' title='bbox 630 3183 774 3252; x_wconf 83' lang='lat' dir='ltr'><strong>CICERO</strong></span> <span class='ocrx_word' id='word_1_141' title='bbox 798 3189 948 3254; x_wconf 82' lang='lat' dir='ltr'>ATTICO</span> <span class='ocrx_word' id='word_1_142' title='bbox 972 3191 1002 3253; x_wconf 92' lang='lat' dir='ltr'>S.</span> 
     </span>
    </p>
   </div>
   <div class='ocr_carea' id='block_1_6' title="bbox 255 3369 1311 4105">
    <p class='ocr_par' dir='ltr' id='par_1_7' title="bbox 255 3369 1311 4105">
     <span class='ocr_line' id='line_1_21' title="bbox 367 3369 1311 3479; baseline 0.005 -37"><span class='ocrx_word' id='word_1_143' title='bbox 367 3370 499 3470; x_wconf 77' lang='lat' dir='ltr'>Accepi</span> <span class='ocrx_word' id='word_1_144' title='bbox 526 3369 569 3443; x_wconf 85' lang='lat' dir='ltr'>ob</span> <span class='ocrx_word' id='word_1_145' title='bbox 595 3373 734 3449; x_wconf 77' lang='lat' dir='ltr'>Isidoro</span> <span class='ocrx_word' id='word_1_146' title='bbox 759 3375 892 3477; x_wconf 80' lang='lat' dir='ltr'>literas,</span> <span class='ocrx_word' id='word_1_147' title='bbox 923 3393 959 3452; x_wconf 88' lang='lat' dir='ltr'>et</span> <span class='ocrx_word' id='word_1_148' title='bbox 986 3393 1110 3479; x_wconf 80' lang='lat' dir='ltr'>postea</span> <span class='ocrx_word' id='word_1_149' title='bbox 1136 3375 1235 3450; x_wconf 81' lang='lat' dir='ltr'>datas</span> <span class='ocrx_word' id='word_1_150' title='bbox 1258 3375 1311 3448; x_wconf 90' lang='lat' dir='ltr'>bi-</span> 
     </span>
     <span class='ocr_line' id='line_1_22' title="bbox 319 3495 1309 3605; baseline 0.005 -38"><span class='ocrx_word' id='word_1_151' title='bbox 319 3519 390 3568; x_wconf 86' lang='lat' dir='ltr'>nas.</span> <span class='ocrx_word' id='word_1_152' title='bbox 417 3495 473 3569; x_wconf 85' lang='lat' dir='ltr'>Ex</span> <span class='ocrx_word' id='word_1_153' title='bbox 497 3499 665 3597; x_wconf 88' lang='lat' dir='ltr'>proximis</span> <span class='ocrx_word' id='word_1_154' title='bbox 692 3507 861 3604; x_wconf 83' lang='lat' dir='ltr'>cognovi,</span> <span class='ocrx_word' id='word_1_155' title='bbox 894 3502 1037 3605; x_wconf 84' lang='lat' dir='ltr'>praedia</span> <span class='ocrx_word' id='word_1_156' title='bbox 1068 3527 1143 3578; x_wconf 86' lang='lat' dir='ltr'>non</span> <span class='ocrx_word' id='word_1_157' title='bbox 1167 3504 1309 3578; x_wconf 84' lang='lat' dir='ltr'>venisse.</span> 
     </span>
     <span class='ocr_line' id='line_1_23' title="bbox 318 3615 1309 3732; baseline 0.01 -43"><span class='ocrx_word' id='word_1_158' title='bbox 318 3615 464 3696; x_wconf 86' lang='lat' dir='ltr'>Videbis</span> <span class='ocrx_word' id='word_1_159' title='bbox 491 3647 590 3722; x_wconf 84' lang='lat' dir='ltr'>ergo,</span> <span class='ocrx_word' id='word_1_160' title='bbox 615 3639 655 3698; x_wconf 90' lang='lat' dir='ltr'>ut</span> <span class='ocrx_word' id='word_1_161' title='bbox 679 3642 921 3703; x_wconf 85' lang='lat' dir='ltr'>sustentetur¹</span> <span class='ocrx_word' id='word_1_162' title='bbox 949 3655 1013 3732; x_wconf 87' lang='lat' dir='ltr'>per</span> <span class='ocrx_word' id='word_1_163' title='bbox 1039 3645 1082 3703; x_wconf 89' lang='lat' dir='ltr'>te.</span> <span class='ocrx_word' id='word_1_164' title='bbox 1113 3629 1167 3704; x_wconf 89' lang='lat' dir='ltr'>De</span> <span class='ocrx_word' id='word_1_165' title='bbox 1196 3627 1309 3701; x_wconf 88' lang='lat' dir='ltr'>Frusi-</span> 
     </span>
     <span class='ocr_line' id='line_1_24' title="bbox 255 3737 1310 3854; baseline 0.012 -41"><span class='ocrx_word' id='word_1_166' title='bbox 255 3737 263 3756; x_wconf 84' lang='lat'><em>&#39;</em></span> <span class='ocrx_word' id='word_1_167' title='bbox 319 3742 392 3814; x_wconf 83' lang='lat' dir='ltr'>nati</span> <span class='ocrx_word' id='word_1_168' title='bbox 409 3761 433 3846; x_wconf 86' lang='lat'>²,</span> <span class='ocrx_word' id='word_1_169' title='bbox 458 3750 488 3820; x_wconf 86' lang='lat' dir='ltr'>si</span> <span class='ocrx_word' id='word_1_170' title='bbox 513 3747 622 3824; x_wconf 87' lang='lat' dir='ltr'>modo</span> <span class='ocrx_word' id='word_1_171' title='bbox 649 3750 753 3824; x_wconf 83' lang='lat' dir='ltr'>futuri</span> <span class='ocrx_word' id='word_1_172' title='bbox 786 3780 923 3854; x_wconf 90' lang='lat' dir='ltr'>sumus,</span> <span class='ocrx_word' id='word_1_173' title='bbox 956 3754 1021 3828; x_wconf 89' lang='lat' dir='ltr'>erit</span> <span class='ocrx_word' id='word_1_174' title='bbox 1056 3754 1141 3828; x_wconf 88' lang='lat' dir='ltr'>mihi</span> <span class='ocrx_word' id='word_1_175' title='bbox 1167 3779 1221 3827; x_wconf 90' lang='lat' dir='ltr'>res</span> <span class='ocrx_word' id='word_1_176' title='bbox 1247 3779 1310 3854; x_wconf 92' lang='lat' dir='ltr'>op·</span> 
     </span>
     <span class='ocr_line' id='line_1_25' title="bbox 318 3875 1308 3982; baseline 0.01 -42"><span class='ocrx_word' id='word_1_177' title='bbox 318 3881 476 3966; x_wconf 83' lang='lat' dir='ltr'>portuno.</span> <span class='ocrx_word' id='word_1_178' title='bbox 515 3877 612 3950; x_wconf 88' lang='lat' dir='ltr'>Meas</span> <span class='ocrx_word' id='word_1_179' title='bbox 651 3875 766 3952; x_wconf 78' lang='lat' dir='ltr'>literas</span> <span class='ocrx_word' id='word_1_180' title='bbox 803 3881 899 3982; x_wconf 85' lang='lat' dir='ltr'>quod</span> <span class='ocrx_word' id='word_1_181' title='bbox 936 3883 1102 3982; x_wconf 89' lang='lat' dir='ltr'>requiris,</span> <span class='ocrx_word' id='word_1_182' title='bbox 1138 3878 1308 3981; x_wconf 89' lang='lat' dir='ltr'>impedior</span> 
     </span>
     <span class='ocr_line' id='line_1_26' title="bbox 316 3991 1306 4105; baseline 0.01 -40"><span class='ocrx_word' id='word_1_183' title='bbox 316 3991 434 4095; x_wconf 81' lang='lat' dir='ltr'>inopia</span> <span class='ocrx_word' id='word_1_184' title='bbox 460 4023 596 4102; x_wconf 88' lang='lat' dir='ltr'>rerum,</span> <span class='ocrx_word' id='word_1_185' title='bbox 631 4029 718 4105; x_wconf 84' lang='lat' dir='ltr'>quas</span> <span class='ocrx_word' id='word_1_186' title='bbox 742 4006 855 4082; x_wconf 83' lang='lat' dir='ltr'>nullas</span> <span class='ocrx_word' id='word_1_187' title='bbox 887 4006 1002 4081; x_wconf 82' lang='lat' dir='ltr'>habeo</span> <span class='ocrx_word' id='word_1_188' title='bbox 1031 4006 1139 4088; x_wconf 85' lang='lat' dir='ltr'>literis</span> <span class='ocrx_word' id='word_1_189' title='bbox 1166 4005 1306 4103; x_wconf 82' lang='lat' dir='ltr'>dignos:</span> 
     </span>
    </p>
   </div>
   <div class='ocr_carea' id='block_1_7' title="bbox 0 0 1444 4956">
    <p class='ocr_par' dir='ltr' id='par_1_8' title="bbox 0 0 1444 4956">
     <span class='ocr_line' id='line_1_27' title="bbox 0 0 1444 4956; baseline 0 1"><span class='ocrx_word' id='word_1_190' title='bbox 0 0 1444 4956; x_wconf 95' lang='lat' dir='ltr'> </span> 
     </span>
    </p>
   </div>
  </div>
 </body>
</html>
