2906 4950
507 337 600 386 enne
625 335 784 386 nerrrnn
1070 317 1143 395 605

181 439 295 497 versele.
316 439 421 495 Serisse
441 458 480 494 nn
498 438 683 516 grandissimo
702 458 819 496 numero
832 438 966 516 d’opere,
985 441 1057 499 delle
1068 445 1143 521 quali

180 554 236 591 non
262 553 314 590 son
339 531 433 590 venuti
453 551 467 586 a
490 532 536 588 noi
560 530 630 590 nitro
654 532 706 590 ebe
730 533 896 589 frammenti.
918 533 970 589 Per
989 535 1060 592 altro
1080 557 1144 615 sap·
1265 533 1272 556 ⁸

179 625 272 703 piamo
292 624 328 680 de
348 623 521 694 Quintiliano
541 623 604 698 (tib.
623 623 667 700 X)
687 624 738 681 ohe
757 645 773 681 a
793 623 857 701 quel
877 625 1033 682 dottissimo
1047 631 1145 685 rnancii

180 717 364 793 l'eioquenzn.
386 715 465 772 Delie
483 715 580 772 lettere
599 737 614 771 n
635 716 673 772 lui
693 717 786 773 scritto
805 717 841 772 da
861 717 996 774 Cicerone
1015 719 1038 774 si
1057 739 1145 776 cono·

180 812 256 866 seori
276 808 357 886 quale
376 807 471 866 nffieio
490 822 573 865 tenne
592 808 664 865 nella
684 809 867 887 Repubblieo.
887 811 969 869 Visse
991 831 1029 867 un
1053 812 1143 868 intere

180 903 286 970 secolo;
307 902 385 959 celo
405 915 502 959 ottesta
522 902 635 960 Valerio
655 903 787 960 Messimo
806 904 853 960 nel
871 903 920 960 lib.
938 903 1024 975 Vnt,
1043 924 1066 960 e.
1086 925 1113 980 7.

145 1013 160 1052 2
181 995 393 1052 Considerando
413 994 464 1051 ebe
483 1008 579 1071 questa
599 990 740 1052 lettera'fu
753 993 847 1052 scritta
860 996 906 1053 nel
919 1009 1007 1073 punto
1020 995 1073 1052 ebe
1086 996 1144 1072 spi-

180 1105 245 1144 rave
265 1085 290 1142 lo
310 1107 424 1143 romena
442 1085 558 1158 liberti,
576 1087 600 1144 si
618 1089 676 1164 puri
695 1099 888 1163 congetturere
907 1087 958 1144 cite
977 1089 1024 1164 qui
1043 1107 1101 1144 non
1120 1087 1144 1143 si

180 1165 299 1256 parlidi
318 1179 444 1256 angustie
463 1179 586 1256 privote‚
604 1199 647 1235 me
667 1176 740 1236 delle
752 1177 917 1256 pubbliche;
937 1180 991 1256 egli
1010 1183 1026 1235 e
1045 1179 1064 1236 it
1077 1199 1143 1236 vero

180 1269 233 1326 che
252 1289 268 1324 n
287 1270 352 1348 quel
371 1283 465 1348 tempo
485 1271 620 1328 Cicerone
639 1270 746 1328 n’ebbe
759 1270 848 1329 anche
868 1272 897 1326 di
915 1271 1028 1348 proprie
1047 1291 1063 1327 e
1082 1291 1146 1348 gra-

179 1361 304 1421 vissime:
325 1363 545 1420 un’ematissima
558 1363 680 1442 figliuoln
694 1364 861 1421 maltrattetn
874 1365 1032 1434 neli'onore
1045 1383 1060 1420 e
1072 1362 1145 1420 nelle

179 1453 249 1512 robe
269 1455 304 1512 da
324 1456 418 1533 quello
437 1469 607 1534 scapestrnto
625 1457 653 1513 di
672 1456 832 1529 Dolabella,
850 1477 888 1514 un
908 1455 1021 1514 crudele
1037 1455 1145 1512 fratello
1175 1467 1181 1484 ⁸

180 1546 234 1602 ohe
253 1545 282 1603 lo
307 1547 446 1605 dennnziri
464 1569 480 1605 n
500 1549 616 1618 Cesarer
636 1569 651 1606 e
671 1569 754 1627 sopra
779 1551 823 1607 oiri
847 1569 902 1606 une
926 1547 1028 1626 meglio
1047 1547 1098 1604 che
1117 1545 1145 1602 lo

178 1649 300 1696 mettere
313 1640 342 1695 in
355 1641 481 1712 comicie,
493 1641 586 1699 dendo
599 1642 774 1700 nvidemente
787 1661 871 1698 mono
890 1661 906 1696 n
925 1653 1029 1718 quanto
1045 1651 1145 1716 potere

180 1729 206 1786 si
224 1729 250 1785 el
269 1729 355 1788 molto
374 1731 427 1790 eho
445 1732 471 1789 ol
489 1753 574 1810 poem
595 1733 669 1791 onde
688 1735 835 1792 scrivendo
853 1751 869 1789 e
921 1731 1146 1788 dolorosamente

179 1821 218 1878 ad
235 1823 329 1880 Attico
349 1824 376 1879 di
397 1837 470 1882 certe
489 1826 594 1904 piceole
614 1826 749 1904 giunterie
770 1827 834 1887 fatte
888 1825 922 1881 de
938 1824 1086 1892 Tereum,
1104 1820 1147 1875 di-

179 1933 229 1970 cen
249 1915 514 1994 ragionevolmente:
534 1919 570 1975 Se
589 1921 627 1975 mi
646 1919 673 1976 sn
693 1939 741 1976 ore
761 1931 838 1975 tento
851 1917 895 1974 eol
909 1935 995 1996 poen,
1012 1913 1063 1972 ehe
1079 1914 1145 1970 arri

179 2006 250 2065 fatto
269 2009 312 2066 col
331 2006 437 2068 molto?
460 2014 553 2086 Quum
572 2013 625 2068 hoe
645 2021 701 2068 tam
718 2031 838 2087 parvum
858 2010 893 2067 de
910 2027 1000 2086 parvo
1013 2007 1146 2065 detraxe

178 2103 231 2174 rit,
249 2104 389 2178 perspicis
408 2103 480 2181 quid
498 2108 527 2160 in
547 2107 675 2160 maxima
694 2123 724 2160 re
733 2105 849 2178 jecerit.

143 2191 285 2250 3Ternea
304 2214 319 2250 e
338 2194 411 2250 delia
431 2208 509 2272 parte
533 2197 716 2273 Pompeiana,
739 2195 843 2271 perche
867 2193 977 2250 I’eveve
1001 2189 1147 2246 abbendo-

179 2299 261 2356 niae,
279 2285 465 2358 edicerem,
484 2286 588 2362 perche
605 2305 663 2344 non
682 2285 760 2342 s’ere
780 2305 833 2362 per
852 2305 921 2341 anco
941 2292 1145 2359 rappnttumoto

179 2397 235 2436 con
248 2376 303 2433 tui.

141 2477 159 2541 t
179 2469 266 2542 Quiri
286 2469 422 2528 Cicerone
441 2487 527 2528 overe
547 2489 596 2526 run
617 2467 689 2526 villa.

563 2669 735 2727 cnxxxlt.

146 2861 156 2898 r
181 2842 280 2913 Questi
300 2843 315 2899 e
334 2839 416 2897 Gneo
433 2839 560 2897 Dominio
585 2837 737 2896 Enobarbo
762 2836 869 2914 figliuol
893 2836 923 2892 di
947 2835 1044 2893 Lucio.
1069 2831 1147 2890 Neila

180 2946 311 3011 presente
329 2934 426 2990 lettere
446 2933 494 2990 noi
513 2931 654 3004 veniam,
672 2933 696 2989 si
715 2951 794 2989 come
813 2930 841 2987 in
861 2943 931 2988 tutte
950 2928 1041 3006 quelle
1054 2927 1149 3014 scritto

182 3025 219 3081 de
239 3024 372 3083 Cicerone
387 3027 498 3083 intorno
518 3047 534 3081 o
554 3024 618 3102 quel
637 3037 748 3102 tempo,
764 3024 786 3080 ii
805 3036 928 3100 sospetto
948 3021 976 3074 in
997 3019 1042 3074 cui
1056 3017 1150 3087 vinea,

181 3117 312 3175 chesnio
331 3118 495 3196 peregginve
514 3117 535 3174 it
554 3117 650 3174 dolore
669 3116 771 3174 sentito
797 3115 831 3170 dn
857 3113 923 3190 quel
946 3109 1148 3188 repnbbliceno

182 3209 209 3266 ei
227 3209 328 3268 vedere
347 3231 441 3266 mezzo
460 3210 573 3267 crottam
593 3209 618 3265 le
639 3208 746 3264 libent.

143 3323 160 3362 α
182 3303 318 3360 Cicerone
336 3303 419 3361 vuele
439 3302 563 3359 alludere
584 3300 638 3378 egli
663 3299 744 3356 siorzi
765 3299 828 3355 veni
848 3317 863 3354 e
883 3292 1071 3371 intempestivi
1097 3291 1148 3346 ohe

182 3395 211 3451 in
229 3395 324 3451 favore
348 3392 420 3450 deiin
444 3393 619 3472 Repubbiica
645 3393 737 3449 secero
757 3391 903 3467 Scipione,
923 3389 1030 3444 Catone
1049 3405 1064 3440 e
1084 3385 1147 3441 tutti

182 3487 273 3566 quegii
293 3486 355 3542 nitri
375 3486 493 3543 ottimeti
512 3487 563 3544 che
582 3486 605 3542 si
624 3486 770 3547 ritressero
790 3484 818 3537 in
838 3481 942 3537 Africa.

144 3579 223 3638 5La
243 3579 339 3636 madre
364 3578 391 3634 di
412 3579 540 3638 Dominio
564 3598 611 3638 ern
637 3575 860 3636 Pereia-sorella
886 3573 914 3628 di
939 3573 1061 3640 Getone,
1084 3567 1149 3646 quel

184 3673 307 3730 d’Utien.
