2900 4962
311 439 360 512 88
653 455 823 506 ssimum
848 455 956 506 conr.
1086 455 1118 504 a.
1135 459 1169 508 r.
1186 461 1215 506 e.
1235 459 1284 520 ‚os

310 561 404 659 bito,
420 560 506 662 (juin
522 559 625 634 istis⁵
642 558 844 660 persuaded
866 557 964 630 nullo
981 555 1090 632 modo
1107 560 1238 660 possit,
1254 587 1310 660 ea,

310 712 400 790 quae
424 686 570 784 faciant,
600 684 686 758 mihi
718 683 861 787 probari
884 707 1008 783 posse,
1031 709 1175 787 quoquo
1199 687 1310 760 modo

307 814 440 916 loquar.
457 816 535 912 Ego
561 826 680 886 tamen
704 825 783 886 utar
807 809 1067 910 moderatione,
1084 837 1153 914 qua
1170 825 1308 912 potero.

308 941 548 1042 Quamquam,
573 939 659 1042 quid
684 965 762 1012 mea
787 933 961 1036 iubersit⁶,
977 951 1018 1010 ut
1040 963 1163 1012 comm
1187 937 1309 1018 odium

307 1065 473 1165 subeam
497 1087 570 1142 non
594 1063 760 1163 intelligo.
785 1061 839 1137 Te
864 1065 956 1136 iuste
988 1087 1093 1138 causa
1123 1063 1311 1164 impediri,

309 1193 512 1294 quominus
530 1191 578 1266 ad
600 1214 666 1264 nos
682 1191 820 1287 venias,
838 1189 960 1287 rideo,
976 1187 1082 1290 idque
1103 1187 1189 1260 mibi
1204 1189 1310 1263 valde

307 1315 496 1394 molestum
529 1329 591 1391 est
622 1315 757 1392 sslumr
784 1315 829 1388 ab
854 1313 1064 1388 Alexandria
1090 1314 1311 1414 discessisse,

309 1468 415 1516 nemo
439 1443 596 1542 nuntiat,
621 1455 850 1546 constatque,
873 1467 919 1516 ne
943 1437 1142 1542 profectum
1166 1441 1311 1544 quidem

307 1567 408 1660 illinc¹
428 1594 642 1670 quemquam
665 1582 748 1668 post
771 1566 856 1642 Idus
882 1569 1002 1666 Mart,
1026 1593 1092 1644 uec
1117 1581 1201 1668 post
1225 1557 1310 1642 Idus

307 1693 475 1782 Decemb.
502 1694 546 1768 ab
578 1693 640 1769 illo
673 1693 773 1768 datas
805 1693 893 1769 ullas
924 1693 1055 1768 literas.
1077 1695 1134 1769 Ex
1158 1719 1231 1796 quo
1255 1697 1311 1768 in-

309 1819 458 1921 telligis,
483 1819 571 1894 illud
603 1819 649 1892 de
680 1819 789 1894 literis
820 1846 851 1893 a.
878 1819 911 1893 d.
935 1821 972 1892 V
998 1820 1050 1893 Id.
1082 1819 1186 1894 Febr.
1219 1820 1310 1896 datis

308 1945 435 2050 (quod
459 1947 563 2020 inane
588 1959 696 2045 esset,
728 1947 835 2018 etiam
866 1947 899 2018 si
920 1969 1044 2020 verum
1076 1955 1212 2044 esset),
1236 1971 1311 2021 nou

311 2097 433 2146 rerum
459 2096 533 2145 esse
550 2073 576 2144 ⁸.
607 2072 647 2146 L.
672 2071 877 2145 Terentium
903 2071 1100 2145 discessisse
1125 2095 1169 2144 ex
1192 2073 1309 2150 Affiea

310 2199 459 2299 scimus,
480 2199 716 2300 Paestumque
740 2198 886 2270 venisse.
906 2195 1008 2290 Quid
1032 2182 1225 2307 islallerat,
1250 2211 1313 2272 aut

311 2350 384 2428 quo
407 2324 519 2400 modo
543 2326 706 2424 exierit93
726 2339 788 2398 aut
812 2323 899 2426 quid
921 2325 959 2396 in
982 2321 1099 2400 Africa
1124 2325 1203 2424 fiat,
1221 2325 1311 2398 scire

309 2451 426 2526 velim.
450 2453 589 2528 Dicitur
612 2453 706 2528 enim
731 2477 796 2553 per
818 2449 1002 2540 Nasidium
1015 2469 1044 2504 ¹⁰
1062 2451 1208 2526 emissus
1226 2477 1311 2529 esse.

310 2578 356 2652 Id
380 2577 483 2680 quale
507 2580 570 2679 sit,
594 2579 718 2678 velim,
742 2581 773 2653 si
797 2578 988 2676 inumeris,
1017 2576 1065 2650 ad
1089 2601 1145 2649 me
1169 2576 1311 2652 scribas

309 2703 365 2776 De
389 2703 465 2776 H·S
491 2719 574 2803 1²¹,
598 2718 639 2777 ut
662 2703 960 2800 scribisfluciam.
976 2701 1075 2777 Vale.
1092 2702 1221 2776 XVIII
1241 2704 1313 2776 Ka·
1380 2691 1382 2694 ⁵

311 2823 404 2900 lend
430 2825 550 2920 Quint

724 3007 886 3082 CDXH-I·
1018 3049 1075 3107 (Aa
1089 3049 1143 3095 niv.
1158 3047 1289 3108 xlvrri)

229 3243 232 3254 ,
312 3159 532 3262 Argumentari.
553 3179 685 3244 Tulliam
713 3184 751 3245 ad
779 3207 809 3246 se
831 3190 945 3247 venisse
966 3185 1057 3260 dictu
1081 3183 1136 3245 sibi
1158 3196 1257 3244 sutem
1280 3185 1311 3246 in

350 3289 452 3348 animo
472 3309 550 3361 esse,
570 3285 667 3350 lilium
690 3312 759 3351 cum
781 3289 924 3353 Sallustio
945 3291 983 3352 ed
1004 3292 1162 3352 Caesarem
1184 3293 1311 3351 mittere.

424 3469 479 3522 Sor.
497 3469 627 3530 Brundisii
644 3475 675 3524 l.
697 3473 727 3525 v.
744 3471 776 3525 C.
795 3469 917 3537 DCCVI,
935 3468 1010 3524 xvlt
1030 3471 1087 3528 Kal.
1105 3471 1197 3541 Quint.

370 3593 442 3708 ‘rt
468 3620 672 3740 rsscrcuuo
698 3624 923 3710 susurriis
949 3598 1047 3708 svis
1072 3645 1102 3708 s,
1128 3644 1160 3707 r.
1185 3643 1223 3707 u.
1325 3620 1328 3633 '

363 3825 400 3898 Si
426 3811 538 3928 vales,
571 3826 661 3904 bene
686 3843 759 3906 est:
784 3856 849 3932 ego
875 3827 975 3905 valeo
996 3847 1017 3904 ¹.
1049 3829 1164 3904 Tullia
1189 3843 1310 3904 nostra

313 3953 411 4028 venit
436 3953 562 4032 adme
587 3957 700 4058 pridie
724 3957 809 4034 Idus
835 3959 941 4035 Iunii:
967 3959 1065 4034 cuius
1090 3983 1225 4034 summa
1249 3959 1315 4033 rio
