2910 4962
504 473 541 518 ra
567 468 754 520 cataracta
1062 449 1133 547 433

127 600 150 662 9
170 575 253 638 llaec
273 572 396 657 epistola
416 592 477 633 non
497 585 600 634 exstat
621 573 737 636 Solate.

134 707 169 746 ιο
190 682 284 762 Quod
304 685 336 743 in
356 681 469 742 ltaliam
489 684 621 746 venerim
641 703 660 740 a
680 701 782 763 pugna
802 680 979 742 Pharsalica.
1000 683 1096 744 Ideni.

133 814 165 852 ιι
189 791 396 852 Excusationis
416 809 535 849 causam
557 788 638 871 apud
659 789 856 870 Pompeianos
878 791 908 848 in
928 789 1034 850 Africa.
1108 809 1115 822 ’
1209 800 1212 819 ·

133 921 168 960 ιιι
190 900 229 977 Q.
249 896 372 959 Fufium
393 897 553 978 Calenum,
573 919 664 980 quem
689 897 812 976 Caesar,
834 900 910 958 victo
932 901 963 960 iu
981 899 1133 974 Pharsalia

168 1005 332 1091 Pompeio,
353 1005 486 1068 Achaiae
501 1005 691 1089 praefecerat„¹
713 1005 831 1068 Manat.

132 1115 170 1182 13
189 1115 260 1175 Mati
281 1113 344 1174 duo
363 1116 437 1196 regii
457 1115 548 1174 Pacis.
561 1135 748 1197 quocumque
758 1128 827 1176 sunt
838 1114 947 1190 modo‚·
969 1116 1135 1197 nadal-tal-

133 1259 138 1266 ·
168 1222 238 1284 lem.
258 1221 328 1282 lecit
346 1242 532 1307 quocumque
552 1221 642 1284 neodo
662 1221 707 1284 ad
725 1223 794 1286 illos
814 1245 846 1284 se
864 1221 1056 1292 ntentans.
1082 1224 1136 1306 llis

169 1331 269 1392 lavent
289 1329 356 1391 edd.
382 1331 461 1391 Rom
486 1339 517 1392 et
537 1331 612 1392 lens.
639 1331 700 1392 Nec
725 1331 860 1414 displioet
885 1331 973 1395 lectio
998 1331 1135 1394 Lambini

168 1439 347 1524 quicumque
367 1439 425 1498 sint
442 1472 484 1482 —
504 1438 597 1499 velint.

133 1547 173 1624 ι4
191 1547 308 1606 Rumor
326 1545 438 1628 suerat,
459 1544 593 1608 Cassium
614 1545 653 1606 ad
673 1546 832 1610 Caesarem
847 1547 1057 1614 Alexandriam
1077 1551 1138 1628 ire,

171 1664 205 1714 ut
225 1652 436 1735 deprecaretur
458 1653 519 1736 (ep.
541 1653 679 1736 CDVlll,
698 1657 745 1731 ι).
767 1655 860 1734 Quod
881 1658 1001 1718 omnino
1017 1656 1137 1719 Cicero-

170 1764 216 1822 nis
235 1781 356 1822 causam
376 1761 507 1842 aliquota
527 1783 565 1822 ex
584 1773 670 1844 parte
690 1762 887 1842 sublevasset,
908 1785 1002 1847 quum
1020 1775 1052 1824 et
1063 1763 1136 1829 alios

53 1895 55 1904 ·
172 1889 235 1930 esse
255 1879 420 1948 constaret,
440 1871 492 1950 qui
512 1871 614 1931 victori
636 1890 666 1930 se
687 1869 850 1932 crederent.
874 1871 930 1932 llic
942 1875 1136 1954 quoque,in-

170 1979 252 2060 quit,
272 1977 426 2038 consilium
447 1988 575 2038 mcrtasse
590 1977 714 2058 dieitur,
728 1991 763 2039 ut
775 1991 893 2060 praeter
906 1979 1059 2062 Laelium,
1074 1979 1136 2041 orl»

170 2105 228 2168 pae
258 2087 372 2145 socium
400 2084 528 2146 habeam
555 2088 712 2148 neminem.
741 2086 857 2146 Monet.
885 2087 964 2149 Edrl.
993 2109 1037 2171 pr.
1067 2107 1136 2150 eum

170 2194 277 2256 Lamb.
299 2205 330 2255 et
348 2193 469 2256 Lollem
497 2215 533 2256 ex
553 2215 620 2256 mss.
642 2193 769 2256 duobus.
790 2196 874 2256 Nmn
894 2217 924 2278 q.
950 2193 981 2258 C.
1007 2194 1091 2258 Com.

135 2301 171 2366 15
192 2303 249 2386 Ep.
271 2323 335 2385 sup.
362 2324 372 2362 ι
397 2313 471 2363 extr.

134 2411 173 2474 16
185 2395 338 2472 ‘Nimirum
351 2409 487 2491 Clodius,
508 2411 642 2492 tragoedi
655 2410 764 2494 Aesopi
784 2409 876 2491 filius,
896 2411 1015 2477 luxuria
1035 2412 1138 2494 perdi-

172 2531 236 2602 tus,
249 2519 289 2580 de
298 2539 359 2601 quo
373 2519 431 2580 vid.
447 2519 551 2580 Horat.
562 2519 601 2598 11,
613 2524 666 2582 sat
678 2519 730 2597 lll,
740 2540 766 2580 v.
782 2518 934 2601 2393Va1.
945 2519 1025 2580 Max.
1038 2518 1091 2598 lX,
1107 2539 1117 2578 ι
1129 2539 1139 2603 3

170 2627 247 2690 Plin.
262 2628 315 2706 lx,
329 2625 378 2688 35.
391 2627 551 2688 Exemciat
562 2636 664 2688 autem
674 2627 862 2709 Ciceronem,
876 2627 960 2710 quod
970 2629 1066 2694 socius
1075 2627 1141 2686 Do-

171 2733 297 2796 labellae
311 2734 447 2796 adulterii
462 2745 527 2796 erat
535 2755 604 2796 enm
619 2735 773 2817 pellicibus
784 2735 899 2799 Tulliae
911 2734 975 2819 (ep.
988 2734 1140 2818 CDXVll,

171 2844 217 2924 a).
239 2843 331 2904 Pater
350 2855 452 2905 antem
471 2843 621 2904 lanriliaris
643 2843 794 2926 Ciceroni3
815 2865 861 2926 ep.
883 2845 955 2923 Lll,
976 2841 1006 2905 8.

135 2972 171 3031 ¹7
193 2951 313 3012 Scilicet
332 2950 508 3013 dividendae
527 2949 709 3012 hereditatis.
729 2951 843 3014 Ειιιειῑ.
941 2967 944 2974 ·

135 3055 171 3121 ι8
193 3058 262 3119 Scil.
284 3057 447 3142 oblatione,
468 3061 527 3120 sire
549 3057 699 3124 additione
720 3062 864 3141 pecuniae
886 3059 925 3120 ab
945 3080 982 3122 eo
998 3061 1055 3142 .qui
1075 3079 1142 3120 ma-

172 3169 266 3227 iorem
287 3176 404 3248 partem
425 3170 547 3250 accipit,
568 3167 600 3226 id
619 3167 703 3251 quod
723 3164 788 3228 lieri
812 3169 887 3228 solet
912 3171 943 3228 io
968 3166 1143 3228 herecbtati-

171 3272 231 3334 bus
251 3273 433 3358 dividendis,
452 3296 547 3357 quum
567 3277 598 3336 in
617 3286 718 3358 partes
746 3274 940 3358 aequabiliter
969 3276 1061 3336 secari
1083 3293 1143 3337 aon

174 3393 308 3466 possunt.
870 3373 874 3380 ’

136 3513 173 3576 ¹9
192 3491 283 3574 Apud
304 3489 478 3570 Caesarem,
498 3512 517 3552 a
536 3513 597 3574 quo
617 3493 642 3551 si
662 3493 779 3554 veniam
799 3511 859 3552 non
879 3491 1077 3574 impetrabat,
1092 3511 1145 3574 pe-

172 3599 300 3660 rieulum
322 3609 387 3660 erat
405 3621 444 3660 ne
464 3597 545 3660 bona
565 3600 714 3662 Ciceronis
734 3599 968 3683 publicarentur.

135 3726 174 3767 aa
194 3705 300 3770 Larnb.
312 3707 421 3790 aliique
433 3729 497 3768 esse
511 3709 619 3782 nnatta-
635 3708 717 3790 quod
731 3709 885 3791 perspicue
898 3727 1017 3768 sensum
1035 3705 1146 3791 explet.

210 4155 318 4218 Cicer.
342 4155 441 4217 Vm.
462 4189 502 4202 -
524 4155 597 4216 Len.
624 4157 655 4216 T.
681 4157 758 4218 VII.
977 4155 1016 4218 28
