2910 4954
300 452 378 548 344
604 469 775 552 seimonu
801 471 985 526 coumrx.
1084 472 1116 524 a.
1131 475 1165 526 r.
1184 475 1279 554 aya,

565 701 622 758 Ser.
641 701 738 756 llomee
756 703 787 756 Δ.
805 700 838 754 V.
856 699 886 754 C.
906 700 1035 756 uccvu.

418 889 696 962 unewano
723 891 806 958 saa.
831 867 1015 957 svsricro
1041 893 1071 962 s.
1096 888 1130 958 r.
1154 891 1192 958 o.

350 1085 400 1159 Μ.
423 1079 592 1159 Aemilius
616 1079 802 1156 Avianus¹
829 1079 874 1153 ah
900 1080 1043 1155 incanae
1068 1079 1303 1159 adolescentia
1450 1139 1451 1216 ,

300 1239 358 1287 me
383 1209 602 1309 observavit,
626 1233 834 1310 semperque
859 1205 998 1308 dilexit,
1027 1209 1081 1282 vir
1105 1235 1215 1312 quum
1238 1211 1305 1286 bo-

301 1365 386 1440 nus,
411 1352 488 1412 tum
513 1334 768 1438 perhumanus,
799 1347 836 1408 el
861 1335 899 1408 in
923 1335 1021 1429 qmni
1048 1360 1174 1436 genere
1199 1335 1306 1412 officii

301 1463 537 1565 diligendus&
564 1463 681 1554 Quem
705 1462 735 1535 si
760 1459 949 1536 arbitrarer
974 1485 1050 1536 esse
1075 1461 1247 1563 Sicyone,
1271 1478 1306 1538 et
1450 1547 1451 1552 Ἰ

299 1592 369 1664 nisi
394 1588 551 1663 audirem
574 1585 626 1660 ihi
650 1613 731 1662 eum
750 1587 857 1661 etiam
873 1612 990 1688 nunc,
1006 1583 1068 1660 ubi
1085 1614 1150 1688 ego
1167 1587 1307 1692 reliqui,
1450 1577 1451 1582 ἵ

299 1717 452 1819 Cibyrae
479 1715 706 1815 commorari,
730 1713 820 1790 nihil
844 1727 938 1790 esset
953 1739 1114 1814 necesse,
1131 1713 1233 1816 plura
1249 1740 1306 1788 me

300 1843 349 1919 ad
372 1857 408 1918 te
433 1841 478 1916 de
502 1867 546 1916 co
571 1841 731 1916 cumbere.
755 1841 945 1914 Perficeret
969 1841 1064 1914 enim
1090 1841 1168 1941 ipse
1194 1841 1307 1942 profe-

300 1983 360 2044 cto
385 1969 457 2043 suis
481 1966 655 2068 moribus,
680 1992 813 2068 suaque
837 1965 1077 2067 humanitate,
1093 1981 1134 2041 ut
1151 1969 1226 2042 sine
1251 1995 1314 2046 cu·.

300 2095 464 2196 iusquam
496 2093 803 2167 commendatione
836 2093 1040 2193 diligeretur
1071 2093 1135 2168 abs
1167 2107 1202 2168 te
1234 2120 1306 2168 non

299 2222 435 2324 minus,
460 2246 566 2321 quam
591 2231 628 2292 et
652 2245 673 2292 a
698 2243 774 2318 me,
804 2231 841 2292 et
865 2246 885 2292 a
913 2219 1037 2293 ceteris
1063 2221 1133 2294 suis
1160 2216 1307 2294 familia-

299 2346 407 2422 ribus.
434 2343 505 2421 Sed
530 2373 639 2453 qunm
661 2341 762 2418 illum
787 2343 910 2420 abesse
936 2360 1074 2456 putem,
1094 2345 1305 2422 commendo

299 2474 368 2552 tibi
392 2477 430 2550 in
454 2474 624 2570 maiorem
656 2472 803 2548 modum
837 2471 983 2550 domum
1015 2474 1106 2571 eius,
1138 2489 1309 2575 quaeest

300 2601 471 2702 Sicyone,
486 2625 630 2703 remque
654 2599 877 2698 familiarem,
892 2601 1043 2676 maxime
1060 2600 1186 2674 Gaium
1204 2602 1310 2676 Avia-

299 2749 388 2799 num
411 2727 681 2824 Hammonium,
709 2725 875 2800 libertum
908 2726 997 2826 eius,
1029 2751 1136 2829 quem
1161 2727 1311 2829 quidem

298 2849 368 2924 tihi
399 2852 506 2924 etiam
537 2876 602 2924 suo
632 2853 777 2925 nomine
809 2851 1030 2926 commendo.
1072 2851 1179 2928 Nam*
1201 2881 1311 2956 quum

298 2987 488 3078 propterea
511 2975 598 3048 mihi
623 2991 678 3049 est
702 2978 889 3080 probatus,
919 2977 1016 3082 quod
1041 2993 1095 3053 est
1120 2981 1158 3054 in
1183 2995 1306 3084 patro-

297 3129 386 3177 num
409 3127 513 3176 suum
536 3101 653 3176 officio
679 3117 715 3176 et
739 3101 809 3177 fide
835 3103 1019 3204 singulari,
1046 3119 1123 3179 tum
1144 3105 1254 3183 etiam
1269 3109 1308 3180 in

298 3230 498 3333 meipsum
522 3255 650 3330 magna
674 3229 789 3305 officia
814 3231 984 3333 contulit,
1009 3231 1168 3335 mihique
1195 3232 1308 3306 mole-
1449 3299 1450 3353 g

298 3356 459 3431 atissimis
491 3355 743 3460 temporibus³
775 3359 842 3470 ita·
861 3356 1035 3467 fideliter,
1069 3355 1306 3461 benivoleque

298 3497 442 3584 praesto
458 3481 537 3586 fuit,
561 3497 602 3558 ut
626 3485 655 3560 si
680 3511 700 3558 a
727 3511 783 3559 me
808 3487 1041 3560 manumissus
1058 3499 1161 3560 esset.
1179 3487 1312 3588 Itaque

297 3623 384 3710 peto
409 3636 430 3683 a
455 3619 508 3712 te,
533 3624 573 3684 ut
596 3637 678 3686 eum
703 3611 1003 3700 [Hammonium]
1034 3625 1070 3684 et
1101 3611 1137 3684 in
1167 3587 1310 3713 patroni

301 3735 376 3808 eius
411 3737 555 3838 negotio
588 3739 639 3811 sic
675 3751 818 3836 tueare,
855 3752 896 3812 ut
931 3740 1006 3812 eius
1046 3752 1311 3840 procuratorem

298 3867 434 3962 [quem
459 3861 525 3936 tihi
551 3863 763 3938 commendo
779 3863 842 3961 iJ,
866 3875 903 3936 et
927 3865 1044 3964 ipsum
1069 3887 1134 3936 suo
1160 3864 1305 3937 nomine

299 3983 441 4089 diligas,
464 3987 665 4092 habeasque
691 3990 727 4064 in
752 4015 900 4068 numero
928 4004 1078 4065 tuorum.
1112 3989 1301 4066 Hominem
