2898 4956
315 491 386 565 266
624 509 794 560 rrrsrom
821 511 991 561 cocxrnr.
1092 513 1123 562 Α.
1142 515 1174 564 v.
1193 517 1221 563 c.
1241 531 1288 579 ⁷⁰7

313 618 382 716 nit,
400 630 517 689 tamen
534 637 596 686 eos
613 614 709 714 ipsos
726 611 913 688 ferociores
932 615 1271 721 impotentioresque
1286 626 1315 673 ¹⁶

313 739 445 840 reddit,
468 753 526 839 ut,
549 739 685 813 etiamsi
710 753 833 814 natura
860 740 946 815 tales
972 767 1047 817 non
1071 743 1160 844 sint,
1192 771 1313 820 neces·

312 869 416 944 ritate
447 892 522 942 esse
554 881 733 967 cogantur.
767 864 881 942 Multa
912 867 1007 942 enim
1038 870 1166 945 victori
1192 898 1315 948 eorum

312 993 481 1094 arbitrio,
511 1019 575 1096 per
607 1020 696 1097 quos
722 995 828 1094 vicit,
862 995 968 1070 etiam
992 997 1128 1096 invito,
1153 997 1314 1076 facienda

312 1137 403 1198 sunt..
427 1124 483 1198 An
510 1135 548 1196 tu
568 1137 596 1190 ¹⁷
623 1147 697 1196 non
720 1119 867 1196 videbas
892 1147 1031 1196 mecum
1056 1123 1183 1223 simul,
1209 1153 1314 1227 quarn

312 1251 371 1326 illa
396 1250 545 1326 crudelis
578 1263 670 1324 esset
701 1247 817 1324 futura
849 1248 1018 1324 victoria?
1036 1251 1067 1302 ¹⁸
1093 1251 1206 1349 Igitur
1231 1267 1314 1326 tunc

313 1403 453 1483 quoque
469 1379 582 1478 patria
602 1402 754 1476 careres,
770 1400 832 1477 ne,
849 1401 940 1478 quae
955 1375 1084 1477 nolles,
1101 1377 1315 1453 videresl-

312 1507 413 1605 Non,
435 1505 587 1606 inquies:
614 1530 678 1603 ego
704 1503 799 1576 enim
823 1503 899 1604 ipse
924 1518 1081 1578 tenerem
1106 1528 1195 1604 opes
1213 1519 1250 1578 et
1267 1505 1316 1579 di-

313 1633 481 1734 gnitatem
506 1657 630 1704 meam.
652 1672 703 1686 -
723 1630 772 1704 At
796 1643 872 1702 erat
896 1643 977 1704 tuae
1002 1631 1162 1732 virtutis,
1187 1633 1227 1705 in
1251 1635 1315 1705 mi·

312 1759 416 1833 nimis
440 1771 518 1833 tuas
544 1785 598 1833 res
623 1783 755 1860 ponere
770 1773 812 1857 ι9,
831 1756 875 1831 de
900 1784 937 1832 re
963 1755 1104 1859 publica
1131 1759 1315 1834 vehemen·
1438 1785 1439 1810 i

313 1887 383 1960 tius
416 1885 584 1961 laborare.
618 1883 756 1959 Deinde
775 1901 818 1984 ²⁰,
850 1885 910 1986 qui
943 1885 1023 1958 finis
1051 1886 1152 1960 istius
1178 1887 1315 1961 consilii

313 2013 387 2088 esti
411 2039 495 2087 narn
521 2012 636 2086 adhuc
662 2025 698 2084 et
722 2011 854 2086 sactum
880 2025 979 2083 tuum
1005 2010 1192 2112 probator,
1210 2027 1261 2114 et,
1276 2027 1316 2086 ut

311 2141 348 2213 in
374 2139 435 2213 tali
460 2167 515 2239 re,
540 2139 645 2212 etiam
671 2135 810 2212 fortuna
835 2136 1014 2210 laudatur:
1043 2138 1191 2238 factum,
1218 2139 1315 2241 quod

311 2279 348 2342 et
371 2267 509 2340 initium
534 2265 616 2339 belli
640 2265 837 2339 necessario
863 2277 1003 2338 secutus
1025 2265 1088 2364 sis,
1105 2279 1141 2337 et
1159 2279 1312 2340 extrema

310 2393 487 2496 sapienter
510 2393 673 2496 persequi
698 2389 918 2491 nolueris213
943 2389 1101 2490 fortuna,
1127 2391 1226 2494 quod
1250 2391 1313 2465 ho-

310 2535 412 2596 nesto
438 2520 513 2596 otio
539 2521 690 2596 tenueris
717 2534 754 2593 et
778 2534 926 2619 statum,
951 2532 987 2592 et
1012 2517 1140 2592 samam
1167 2518 1315 2620 dignita·

310 2648 355 2722 tis
380 2662 470 2723 tuae.
495 2647 599 2723 Nunc
625 2675 710 2724 vero
743 2673 809 2722 nec
840 2646 939 2721 locus
972 2644 1036 2718 tibi
1061 2643 1152 2719 ullus
1178 2645 1314 2722 dulcior

311 2799 387 2848 esse
412 2774 518 2848 debet
541 2775 674 2875 patria3
698 2801 764 2848 nec
789 2799 868 2848 eam
894 2771 1036 2871 diligere
1058 2774 1174 2849 minus
1192 2773 1314 2873 debes,

312 2899 409 3002 quod
435 2900 624 2975 deformior
647 2915 717 3000 est,
743 2899 806 2974 sed
828 2901 984 2974 misereri
999 2900 1137 3000 potius5
1153 2927 1221 2975 nec
1238 2927 1314 2976 eam

310 3024 430 3099 multis
456 3025 557 3100 claris
583 3027 665 3099 viris
691 3025 898 3098 orbatam²²
921 3027 1059 3126 privare
1084 3027 1193 3100 etiam
1219 3053 1313 3129 aspe·

312 3161 371 3226 ctu
398 3167 468 3228 tuo.
493 3153 673 3255 Denique,
697 3151 727 3224 si
750 3151 816 3224 suit
840 3153 958 3252 magni
985 3153 1091 3226 animi
1113 3177 1187 3227 non
1203 3154 1312 3228 isse²³

310 3277 506 3382 supplicem
531 3280 681 3382 victori5
711 3278 793 3353 vide
826 3305 872 3352 ne
897 3279 1041 3381 superbi
1065 3281 1111 3354 sit
1136 3281 1313 3384 aspernari

308 3406 466 3481 eiusdem
491 3406 755 3482 liberalitatem:
787 3420 845 3506 et,
868 3407 898 3482 si
923 3407 1090 3508 sapientis
1116 3421 1173 3480 est
1197 3433 1310 3482 carere
1437 3435 1438 3508 j

307 3535 439 3636 patria,
464 3533 543 3611 duri
567 3561 641 3609 non
666 3532 881 3632 desiderare3
899 3546 951 3632 et,
968 3535 997 3608 si
1014 3559 1052 3608 re
1075 3533 1220 3635 publica
1239 3555 1310 3608 nou
1437 3579 1438 3602 r

308 3663 423 3763 possis
448 3662 531 3763 frui3
564 3663 662 3737 stulti
679 3660 721 3762 ²4,
757 3658 850 3735 nolle
875 3661 1024 3762 privata.
1050 3662 1168 3762 Caput
1193 3673 1248 3735 est
1269 3658 1311 3732 il·

308 3784 372 3860 lud
388 3792 431 3891 ¹⁵,
462 3805 524 3892 ut,
560 3793 588 3865 si
622 3793 687 3864 ista
715 3791 787 3862 vita
812 3786 877 3860 tibi
910 3787 1130 3862 commodior
1155 3813 1234 3862 esse
1258 3785 1309 3860 vi·

311 3909 450 4015 deutur,
476 3919 701 4018 cogitandum
727 3932 845 3991 tamen
870 3915 929 4016 sit,
954 3941 999 3988 ne
1024 3915 1133 3988 tutior
1156 3937 1231 3986 non
1256 3911 1308 3985 sit

312 4037 440 4138 Magna
467 4042 662 4142 gladiorum
681 4047 713 4097 ²⁶
737 4057 792 4118 est
814 4041 976 4139 licentia3
1008 4040 1071 4114 sed
1099 4041 1136 4112 in
1162 4039 1310 4113 extemis
