2932 4954
302 331 375 404 536
417 303 420 310 γ
641 345 913 399 rsrorsrrones

679 557 841 620 CDLXXl.

303 796 314 836 1
340 775 373 834 Ρ.
394 773 556 837 Volumnio
576 771 758 855 Eutrape103
779 792 825 856 ep.
848 769 1010 832 ccxxtx.

299 882 402 944 aCur
421 903 456 942 se
473 879 513 941 ad
533 879 760 942 dodemanduor
781 879 887 940 Cicero
914 877 1086 961 contulerit,
1113 879 1182 941 vide
1208 885 1240 942 in
1260 903 1307 965 ep.
1436 919 1437 924 κ

338 989 440 1050 CDLl.
461 987 578 1050 Mouet.
598 987 686 1047 Amo.
712 985 747 1047 15
767 985 1026 1049 eleclamtionibus.
1273 1003 1278 1012 ’

300 1099 318 1156 3
339 1097 444 1175 Quum
464 1099 495 1156 in
514 1095 578 1158 aliis
598 1095 669 1155 locis
688 1094 794 1155 Cicero
815 1093 985 1190 simpliciter
1004 1094 1084 1156 dicet
1112 1095 1198 1179 quod
1213 1098 1307 1178 potti-

338 1225 421 1267 cener
438 1223 498 1266 aon
518 1216 583 1265 erat
601 1202 612 1285 (
627 1223 673 1284 ep.
695 1201 862 1281 CDLXlll,
887 1200 946 1284 r)3
967 1201 1036 1264 ideo
1059 1207 1194 1286 suspicor
1213 1204 1306 1268 verba

338 1314 387 1376 illa
407 1333 501 1374 cansa
521 1309 673 1372 deridendi
678 1355 689 1384 ,
720 1314 852 1391 itemque
882 1309 960 1372 sorte
990 1331 1116 1393 sequeus
1141 1311 1307 1384 easdem,
1436 1401 1437 1404 Ἴ

338 1443 402 1484 esse
423 1442 440 1481 a
462 1419 633 1502 glossatore.

298 1529 423 1606 anut
444 1525 531 1588 amb.
554 1527 657 1608 (milri
690 1525 734 1585 sic
766 1526 860 1586 uirum
888 1527 952 1604 est)
981 1525 1126 1587 Volumni
1134 1549 1147 1598 ,·
1174 1527 1224 1588 ulii
1246 1527 1309 1588 duo

338 1656 408 1696 cum
428 1633 490 1695 Pel.
515 1636 602 1716 prim.
631 1633 719 1692 Grut.
748 1633 824 1694 milei
852 1655 909 1694 arta
940 1634 1035 1695 visum
1062 1649 1105 1694 eet
1128 1631 1194 1706 V.‚·
1222 1636 1305 1718 quod

337 1744 487 1823 corrigere
506 1761 636 1825 pronum
656 1752 732 1801 esset
744 1741 820 1800 milri
837 1761 962 1800 suasum
975 1756 1033 1815 est,
1047 1744 1103 1802 nisi
1115 1741 1205 1803 lectio
1220 1763 1305 1804 conr-

338 1851 436 1910 munis
455 1851 567 1931 optime
588 1857 775 1930 congrueret.

297 1954 319 2016 5
338 1957 454 2016 Amisso
473 1975 568 2036 regno
589 1953 715 2037 forensi3
737 1975 783 2038 ep.
805 1957 853 2015 cit
875 1953 978 2015 CDLl.

296 2045 533 2143 (illequslibus,
554 2059 722 2144 sodalibus,
742 2063 827 2144 queri
847 2083 886 2122 ex
906 2061 1014 2124 eodem
1035 2081 1135 2146 grege.
1149 2063 1222 2126 lllos
1236 2087 1308 2126 enu-

336 2179 434 2230 merat
453 2167 625 2252 Corradus,
646 2167 866 2252 ¹Hortensium,
893 2169 1092 2251 Marcellum,
1118 2171 1257 2233 Ceelium
1277 2185 1306 2234 et

229 2285 231 2294 ’
337 2276 476 2358 reliquos.

297 2406 315 2466 7
338 2383 455 2448 Scilicet
475 2395 579 2445 contre
599 2405 690 2468 aves,
708 2405 770 2445 nou
791 2384 1014 2446 conuehentes
1033 2397 1173 2448 err-matos
1199 2388 1305 2449 Cionn

337 2492 369 2554 id
388 2491 492 2576 dolet,
518 2513 572 2575 se,
601 2494 653 2574 qui
673 2495 751 2553 veris
770 2495 801 2552 in
821 2494 916 2553 causis
935 2491 1051 2554 solebat
1069 2513 1218 2576 regnare,
1248 2495 1305 2558 sub

336 2600 464 2662 Caesare
489 2601 520 2660 in
544 2599 808 2662 declamationibus
828 2603 959 2682 verseriq
985 2599 1230 2684 Philoctetaeque
1252 2603 1305 2663 do-
1438 2659 1439 2704 q

336 2706 430 2768 lorem
450 2706 491 2766 ad
510 2727 598 2767 suum
620 2707 836 2770 accommodet.
854 2706 980 2769 Comd.
995 2708 1118 2792 Optime
1136 2709 1220 2791 apud
1234 2709 1305 2769 Ovi·
1438 2775 1439 2802 3

329 2811 419 2872 ¹dium
441 2814 583 2894 (Metam.
604 2815 692 2898 Xlll,
712 2815 776 2894 53)
796 2817 873 2877 Aiax
891 2815 968 2876 haec
985 2815 1081 2877 verba
1101 2817 1253 2900 explicet:

716 2947 776 3018 Quo
793 2965 937 3002 successore
954 2949 1060 3016 sagittae

348 3035 352 3048 ’
431 3039 549 3093 lleroolie
566 3047 694 3108 utuntur,
712 3041 808 3095 tractus
826 3043 969 3114 morboque
986 3042 1104 3114 lamque

428 3135 539 3188 veletur
555 3136 685 3208 aliturque
703 3137 808 3204 avibu13
827 3138 997 3208 volucresque
1013 3136 1126 3208 petendo

430 3229 524 3282 Debita
541 3229 659 3283 Troianis
676 3240 780 3284 exercet
796 3231 893 3302 spicula
911 3231 976 3284 tatis.

334 3349 451 3410 Scilicet
475 3353 505 3410 in
530 3352 646 3412 Lemno
667 3351 786 3413 relictus
806 3352 984 3414 Philoctetes
1004 3350 1070 3434 (de
1088 3351 1156 3413 Fin.
1177 3351 1217 3433 V,
1243 3351 1303 3434 ιι)

333 3455 475 3518 utebatur
494 3461 605 3539 sagittis
626 3459 777 3544 Herculis,
799 3459 986 3541 sinequibus
999 3461 1093 3520 Trois
1105 3481 1167 3520 non
1181 3472 1301 3542 poteret

333 3567 414 3648 oapi,
433 3567 465 3625 in
484 3565 588 3626 avibus
612 3565 808 3648 conligendis,
831 3567 871 3627 ad
894 3587 986 3650 quem
1013 3587 1103 3628 usum
1130 3586 1193 3626 non
1215 3577 1301 3627 erant

331 3669 435 3732 factae.
460 3671 600 3755 Verdwg.
621 3673 700 3736 Vide
721 3676 860 3736 Burman.
886 3675 925 3734 ad
953 3674 1078 3752 Quintil.
1098 3674 1149 3736 lib.
1172 3675 1223 3734 lV.
1244 3674 1299 3735 Alii

329 3779 508 3860 pvvu'gem
541 3779 595 3842 sed
624 3780 751 3842 alterum
778 3782 912 3865 plerique
932 3785 1036 3866 optimi
1058 3780 1144 3843 codd.
1166 3780 1298 3860 hebent,

334 3893 365 3943 et
384 3893 546 3968 utrumque
566 3889 716 3950 usitatsun.
