2900 4962
342 435 408 512 13'2
451 457 454 468 ·
669 453 839 506 nrtsroua
864 453 1001 502 comt.
1120 455 1151 500 s.
1165 456 1197 502 v.
1216 455 1244 504 c.
1263 469 1311 516 ⁷⁰7

574 685 627 740 Ser.
646 683 741 735 Romae
758 683 789 734 Δ.
809 681 842 732 V.
859 681 887 732 (ἱ
906 677 1025 732 DCCVH
1043 681 1099 732 init.
1306 750 1313 766 υ

485 781 512 833 (L
532 780 600 831 lolio
616 775 722 830 Caum
741 777 798 842 ΙΙΙ,
816 773 852 825 Μ.
869 775 979 827 Aemilio
997 775 1095 844 Lepido
1111 776 1181 828 Coss.

391 983 433 1044 tt.
459 981 495 1042 T.
519 975 732 1042 cretton.
756 974 959 1039 TERENTIO
982 973 1158 1039 VARRONI
1183 975 1213 1038 S.
1237 974 1274 1038 Ι),

381 1199 436 1270 Ex
460 1197 503 1268 iis
518 1209 530 1244 ¹
548 1193 671 1290 literis,
687 1215 774 1293 quas
793 1191 930 1262 Atticus
948 1216 968 1262 a
985 1203 1020 1262 te
1038 1191 1161 1266 musas
1177 1189 1263 1262 mihi
1279 1190 1327 1264 le·

331 1325 398 1421 git,
416 1319 501 1422 quid
517 1343 649 1416 ageres,
664 1331 701 1388 et
717 1313 777 1388 uhi
795 1341 905 1413 esses,
921 1317 1087 1414 cognovi:
1105 1316 1325 1416 quandoau-

331 1463 402 1520 tem
419 1459 454 1518 te
472 1447 579 1518 visuri
597 1469 765 1540 essemus,
780 1441 868 1516 nihil
885 1467 968 1516 sane
985 1465 1027 1514 ex
1043 1442 1167 1516 iisdem
1184 1441 1326 1530 [literis]

328 1575 429 1674 potui
455 1571 631 1672 suspicari.
657 1569 699 1640 In
725 1594 824 1668 spem
850 1583 967 1642 tamen
993 1569 1111 1666 venio,
1137 1572 1325 1670 appropin-

328 1725 434 1801 quare
453 1711 552 1772 tuum
569 1695 775 1772 adventum:
794 1698 851 1796 qui
871 1695 954 1768 mihi
972 1697 1105 1768 utinam
1124 1693 1248 1769 solatio
1265 1697 1324 1770 sit!

326 1827 392 1900 etsi
410 1837 463 1902 tot
487 1824 662 1924 tantisque
680 1821 783 1896 rebus
800 1849 976 1920 urgemur,
993 1835 1031 1894 ut
1047 1819 1179 1894 nnllam
1196 1819 1322 1895 alleva·

322 1955 458 2023 tionem
472 1966 487 1998 ²
502 1951 687 2050 quisquam
702 1973 778 2022 non
791 1946 1014 2024 stultissimus
1031 1974 1170 2048 sperare
1188 1947 1321 2024 debeat.

320 2076 394 2149 ‘sed
420 2089 537 2148 tamen
564 2089 624 2148 aut
650 2091 688 2147 tu
714 2089 816 2174 potes
840 2099 915 2172 me,
940 2089 1002 2146 aut
1025 2100 1091 2173 ego
1116 2090 1151 2148 te
1177 2075 1322 2150 sortasse

322 2201 436 2303 aliqua
464 2227 500 2274 re
525 2203 653 2276 iuvare.
680 2200 777 2274 Scito
802 2201 908 2298 enim,
935 2225 1005 2299 me,
1029 2215 1259 2302 posteaquam
1284 2204 1322 2274 in

320 2328 443 2406 urbem
469 2329 624 2403 venerim
641 2329 667 2426 ³,
693 2327 822 2401 redisse
840 2351 920 2400 cum
937 2327 1114 2400 veteribus
1131 2330 1263 2426 amicis,
1282 2329 1321 2402 id
1444 2327 1445 2338 ’

319 2469 389 2555 est,
422 2481 501 2530 curn
533 2455 631 2534 libris
660 2455 805 2553 nostris,
830 2455 867 2527 in
892 2455 1054 2552 gratiam:
1080 2456 1144 2528 etsi
1169 2480 1242 2526 non
1269 2455 1318 2526 ic-

316 2585 418 2681 circo
438 2610 558 2660 eorum
586 2609 686 2660 usum
713 2581 928 2680 dimiseram,
953 2573 1049 2682 quod
1075 2581 1116 2652 iis
1136 2607 1318 2654 succense·

316 2733 408 2805 rem3
432 2707 496 2780 sad
521 2692 624 2808 'quod
657 2733 779 2784 eorum
811 2733 868 2779 me
900 2705 1140 2808 suppudehat:
1173 2705 1317 2780 videbar

315 2833 409 2904 enirn
434 2831 535 2927 mihi,
561 2857 668 2932 quum
699 2857 755 2904 rue
780 2834 817 2904 in
843 2859 897 2906 res
924 2833 1239 2908 turbulentissimas
1261 2835 1314 2906 in-

313 2955 523 3028 fidelissimis
548 2957 651 3027 sociis
677 2956 892 3030 demisionem
909 2957 936 3055 t,
960 2961 1158 3060 praeceptis
1173 2959 1314 3033 illorum

313 3107 386 3158 non
411 3082 494 3160 satis
520 3081 684 3180 paruisse.
709 3083 902 3178 Ignoscuut
918 3085 1022 3184 mihi,
1041 3099 1211 3158 revocant
1225 3087 1311 3160 me⁵

311 3211 348 3280 in
374 3205 664 3280 consuetudinem
689 3208 873 3308 pristinam
880 3237 891 3309 3
917 3225 1035 3320 teque,
1061 3211 1158 3314 quod
1183 3213 1222 3284 in
1240 3213 1311 3284 ea‘

310 3335 559 3435 permanseris,
580 3334 847 3434 sapientiorem,
870 3363 977 3438 quam
999 3364 1074 3438 me,
1092 3335 1214 3412 dicunt
1231 3337 1310 3410 suis·

308 3487 355 3534 se.
388 3459 645 3558 Quamobrem,
678 3461 851 3560 quand0⁷
878 3461 1025 3563 placatis
1050 3465 1104 3540 his
1135 3480 1232 3564 utor,
1257 3466 1308 3538 vi-

308 3588 411 3690 deor,
436 3613 576 3690 sperare
602 3586 743 3686 debere,
768 3589 859 3662 site
885 3590 1049 3690 viderim,
1072 3607 1109 3666 et
1133 3617 1192 3691 ea,
1218 3616 1306 3694 quae

306 3729 484 3815 premant,
498 3729 535 3790 et
551 3740 607 3813 ea,
624 3740 713 3816 quaa
730 3712 973 3818 impendeant,
997 3746 1054 3794 me
1079 3715 1179 3794 facile
1197 3733 1305 3793 trans·

305 3843 435 3912 iturum
449 3843 477 3912 ⁸.
503 3841 760 3942 Quamobrem,
778 3840 853 3916 sive
877 3845 915 3916 in
939 3846 1158 3946 Tusculano,
1174 3847 1251 3921 sive
1268 3847 1304 3917 in

304 3966 464 4044 Cumano
488 3967 535 4046 ad
560 3982 629 4044 tea
652 3967 824 4076 placebit,
848 3971 922 4045 sire
948 3981 959 4061 t
967 3971 1064 4080 quod
1085 3972 1231 4050 minime
1247 3999 1303 4048 ve·
